1751 2986
1408 191 1448 218 IX

87 281 267 327 plecfitur.
313 282 410 317 Satis
431 282 477 316 de
499 282 592 323 hoc;
626 292 741 327 pergo
767 281 815 315 ad
837 281 1003 316 ultimam
1025 281 1061 316 in
1085 282 1155 315 hoc
1179 292 1312 327 genere
1334 282 1448 316 ratio-

87 354 183 377 nem.
228 344 354 378 Potest
382 344 556 379 victoriae
593 343 738 388 adeptio
771 343 881 377 etiam
912 354 977 388 pro
1011 344 1339 377 consolatione
1368 355 1447 378 esse

87 405 279 447 malorum,
304 416 396 449 quae
419 409 700 446 antecesserunt3
735 409 841 449 atque
875 406 984 440 etiam
1007 405 1116 440 huius
1138 406 1287 439 rationis
1310 406 1448 449 aliquot

87 465 248 499 carmina
272 470 422 500 exstant.
470 467 595 500 Isthm.
613 467 670 499 vl.
705 467 878 510 scriptum
911 468 1054 501 videtur
1086 472 1167 512 post
1198 467 1376 512 proelium
1401 468 1448 501 ad

87 525 316 571 Oenophyta‚
341 539 412 571 quo
437 528 599 573 graviter
623 528 749 561 afflicti
778 532 880 561 erant
904 528 1082 561 Thebani.
1130 530 1225 562 Huic
1250 529 1449 563 calamitati

87 588 236 631 opponit
257 593 366 633 poeta
388 591 508 634 prisca
532 596 742 625 ornamenta
764 590 864 623 urbis
888 594 923 623 et
946 593 1125 623 recentem
1142 592 1332 625 victoriam
1346 592 1447 625 Stre-

86 649 249 693 psiadae,
272 655 313 700 ut
335 651 548 684 documenta
570 651 708 685 favoris
733 653 882 685 deorum
906 656 941 685 et
965 652 1094 685 solatia
1113 663 1155 685 ac
1170 653 1331 686 fomenta
1344 663 1446 686 mae-

85 711 192 750 roris,
213 715 456 755 monstratque
480 723 613 745 novam
638 724 826 755 coronam,
863 713 894 746 si
926 714 1104 746 modestia
1136 714 1239 747 adsit.
1286 714 1446 748 Subiicio

86 773 298 806 sententiam
323 772 491 806 carminis
514 773 622 816 Pyth.
646 773 709 806 111.
750 774 805 807 Ibi
829 779 993 808 monetur
1013 774 1138 814 Hiero,
1165 786 1273 818 quum
1298 775 1346 808 dii
1363 776 1448 809 bina

85 835 184 867 mala
208 834 292 868 dent
313 846 383 868 uno
407 846 488 868 cum
510 835 617 875 bono,
643 839 681 868 ιιι
702 837 869 869 morbum
895 840 929 869 et
946 835 1045 869 filiae
1059 840 1212 869 mortem
1232 848 1348 880 aequo
1370 837 1448 870 ani-

85 906 146 929 mo
165 895 284 930 ferens
297 898 504 930 consoletur
522 896 704 930 tristitiam
722 908 786 930 usu
804 898 900 939 boni,
927 898 1021 940 quod
1040 898 1186 940 habeat,
1212 910 1319 942 quam
1336 899 1448 943 aptis-

85 957 176 991 simo
199 961 235 991 et
257 958 474 1001 laetissimo,
507 958 690 1002 opulentia
713 959 838 1003 regia,
871 960 1033 993 victoriis
1055 960 1200 993 ludicris
1224 961 1448 1004 reportandis

86 1021 123 1052 et
145 1018 454 1054 comissationibus
487 1020 650 1063 epiniciis
678 1026 867 1064 poetarum
900 1021 1125 1063 adhibenda,
1158 1021 1193 1055 id
1218 1023 1313 1065 quod
1336 1022 1447 1056 etiam

85 1078 210 1114 faciat.
247 1081 319 1116 Sed
342 1081 634 1128 magnificentius
651 1083 722 1115 hoc
741 1082 882 1115 nomine
903 1082 990 1116 nihil
1011 1083 1170 1116 carmine
1189 1083 1246 1117 Ol.
1266 1084 1312 1116 11.
1344 1085 1447 1127 Quae

85 1141 203 1185 priseo
225 1142 301 1177 fato
326 1143 361 1177 in
386 1147 494 1189 gente
519 1144 645 1178 Cadmi
677 1143 868 1178 constituta
894 1149 971 1178 erat
997 1144 1202 1178 vicissitudo
1227 1146 1447 1179 memorabi-

84 1203 130 1237 lis
152 1204 390 1238 adversarum
414 1209 449 1239 et
471 1207 709 1240 secundarum
732 1217 866 1248 rerum,
890 1207 985 1240 hanc
1010 1208 1117 1240 ctiam
1137 1207 1172 1239 in
1191 1207 1370 1240 Theronis
1388 1219 1447 1240 re-

84 1264 164 1310 bus,
190 1266 251 1309 qui
274 1266 452 1312 originem
475 1269 643 1302 trahebat
667 1279 689 1302 a
713 1268 914 1308 Cadmidis,
947 1269 1086 1302 versari
1111 1269 1226 1301 docet.
1274 1269 1325 1301 Ac
1350 1270 1448 1302 mala

86 1337 177 1369 quae
202 1332 368 1370 expertus
392 1334 469 1363 erat
493 1330 690 1364 domestica
714 1342 777 1364 rex
799 1335 879 1364 sunt
903 1330 992 1374 fuga
1016 1330 1116 1363 filiae
1142 1342 1160 1363 e
1184 1342 1297 1374 regno
1316 1330 1448 1363 Hiero—

85 1388 140 1422 nis
171 1392 208 1422 et
238 1389 414 1433 proditio,
452 1402 561 1434 quam
593 1392 710 1425 moliti
741 1395 841 1424 erant
872 1391 1062 1434 propinqui
1095 1384 1214 1434 Capys
1249 1396 1284 1425 et
1309 1392 1448 1435 Hippo—

85 1452 215 1483 crates.
262 1450 331 1484 His
364 1457 590 1495 opponuntur
622 1453 872 1486 consolationis
897 1463 1005 1485 causa
1029 1453 1126 1485 laeta
1151 1452 1230 1493 iila,
1257 1463 1348 1495 quae
1374 1452 1448 1486 iam

86 1511 311 1556 contigerunt
335 1516 370 1546 et
394 1512 430 1545 in
454 1517 636 1557 posterum
655 1514 872 1559 contingent,
897 1524 1050 1547 coronae
1069 1513 1284 1557 Olympicae
1305 1514 1448 1557 adeptio

86 1574 123 1606 et
145 1571 266 1606 futura
289 1573 397 1607 beata
422 1573 497 1607 vita
522 1578 601 1617 post
624 1579 778 1608 mortem
803 1587 884 1608 cum
910 1576 1030 1609 aureis
1054 1574 1204 1608 coronis.
1243 1575 1368 1618 Neque
1392 1580 1448 1609 ta-

86 1644 169 1668 men
200 1634 354 1669 haberet
379 1635 502 1669 Thero
537 1636 631 1670 hanc
658 1639 837 1671 malorum
862 1650 926 1682 per
949 1637 1126 1671 secundas
1151 1647 1208 1668 res
1234 1647 1447 1680 compensa-

84 1696 231 1737 tionem,
256 1696 324 1730 nisi
349 1697 460 1731 etiam
483 1697 634 1732 virtutos
651 1700 862 1741 praeclarae
878 1699 912 1732 in
933 1710 975 1732 eo
993 1698 1156 1739 inessent,
1181 1697 1353 1731 fortitudo
1369 1699 1449 1732 bel-

85 1757 158 1792 lica
181 1762 216 1792 et
232 1758 367 1792 iustitia
385 1758 656 1802 liberalitasque
672 1760 878 1805 singularis.
911 1760 971 1793 Sic
990 1759 1124 1792 eximia
1142 1759 1345 1792 inventione
1362 1771 1449 1793 con—

83 1819 222 1854 iunctas
245 1820 307 1854 hic
329 1821 430 1855 vides
454 1821 544 1855 dua's
567 1821 723 1855 rationes
740 1821 1019 1865 compositionis,
1043 1831 1132 1864 quas
1144 1820 1251 1853 modo
1271 1820 1448 1862 vidimus3

85 1887 361 1926 compensantur
383 1884 537 1918 adversa
561 1883 726 1917 secundis
747 1884 876 1925 rebus,
902 1894 993 1927 quae
1017 1883 1118 1926 ipsae
1143 1881 1345 1925 praemium
1369 1885 1449 1915 sunt

83 1943 256 1978 virtutum
280 1945 478 1991 regiarum.
527 1945 644 1990 Igitur
669 1956 778 1988 quum
803 1945 897 1978 duae
923 1948 1043 1987 partes
1065 1943 1263 1976 sententiae
1288 1942 1376 1982 sint,
1412 1943 1447 1976 in

85 2007 202 2041 altera
223 2006 384 2045 societas„
400 2007 576 2041 virtutum
601 2006 837 2041 cardinalium
862 2010 1056 2045 tractatur,
1081 2005 1117 2037 in
1143 2005 1258 2037 altera
1277 2015 1448 2047 compen-

84 2067 177 2102 satio
199 2069 381 2104 malorum
404 2080 470 2112 per
492 2069 670 2110 secunda,
700 2071 738 2100 ut
769 2077 860 2099 nunc
886 2066 995 2099 etiam
1020 2075 1105 2108 pars
1130 2069 1280 2107 utraque
1305 2071 1448 2098 senten-

83 2128 157 2163 tiae
180 2129 379 2173 composita
401 2130 468 2171 sit,
504 2129 564 2172 qui
594 2133 648 2162 est
672 2138 834 2161 summus
857 2127 892 2159 in
918 2127 988 2159 hoc
1013 2138 1144 2171 genere
1169 2130 1325 2160 ornatus.
1373 2127 1449 2161 Re-

84 2192 156 2223 stat
178 2190 236 2224 01.
249 2190 338 2232 V11.‚
361 2190 397 2223 in
420 2202 488 2234 quo
514 2191 673 2224 carmine
692 2190 822 2223 iterum
839 2188 984 2222 fortuna
1001 2188 1175 2222 victoriae
1192 2200 1274 2221 cum
1294 2189 1449 2222 adversa

85 2263 126 2286 re
145 2251 345 2296 composita
364 2255 429 2294 est,
452 2252 516 2285 sed
535 2252 607 2286 alio
625 2251 733 2284 modo
753 2254 859 2293 atque
875 2249 938 2290 ita,
963 2254 1002 2282 ut
1017 2250 1110 2283 haec
1128 2254 1327 2283 excusetur.
1361 2251 1449 2284 Dia-

86 2323 197 2359 goras
219 2313 384 2346 Rhodius
416 2313 519 2358 pugil
542 2315 650 2359 longe
678 2311 935 2346 celeberrimus
959 2322 1067 2354 quum
1091 2311 1128 2345 iu
1153 2312 1346 2356 Olympico
1371 2323 1450 2345 cer-

86 2374 221 2409 tamine
253 2385 388 2408 novum
419 2374 530 2408 decus
560 2374 699 2418 patriae
732 2377 953 2417 reportaret,
987 2373 1124 2407 factum
1147 2372 1291 2406 videtur
1313 2372 1450 2406 infelici

86 2447 185 2479 casu,
207 2439 246 2470 ut
268 2447 359 2470 unus
383 2447 428 2470 ex
452 2435 671 2470 adversariis
693 2435 880 2481 pugilibus
899 2435 1049 2480 gravius
1065 2436 1272 2469 vulneratus
1290 2445 1450 2467 morere-

85 2500 154 2533 tur.
202 2497 304 2531 Unde
328 2497 503 2531 Pindarus
530 2497 716 2542 ingeniosa
748 2497 953 2531 inventione
979 2497 1097 2532 fatum
1119 2495 1242 2529 Rhodi
1265 2499 1451 2529 aeternum

87 2558 184 2594 canit
216 2570 237 2592 e
269 2559 458 2593 decoribus
490 2561 525 2593 et
556 2559 739 2592 erroribus
772 2559 928 2593 mirifice
952 2559 1123 2599 mixtum,
1156 2556 1333 2600 siquidem
1357 2566 1450 2599 quae

85 2630 222 2666 magna
245 2623 281 2654 et
308 2620 440 2655 eximia
464 2624 675 2655 ornamenta
697 2620 835 2654 insulae
859 2620 1084 2666 contigerint,
1107 2619 1151 2653 iis
1175 2629 1318 2660 semper
1341 2618 1451 2651 etiam

88 2691 196 2716 casus
221 2681 368 2726 quidam
399 2685 435 2716 et
466 2693 608 2716 errores
639 2681 749 2716 iuncti
780 2681 915 2716 fuerint
937 2686 1084 2726 praeter
1107 2682 1328 2715 voluntatem
1352 2690 1451 2713 eom-

87 2742 198 2778 missi.
244 2744 409 2779 Eandem
430 2755 510 2778 rem
533 2742 569 2778 in
592 2745 709 2778 altera
732 2746 836 2789 parte
860 2743 1028 2779 carminis
1052 2742 1156 2777 aliter
1179 2743 1312 2776 tractat
1326 2741 1390 2784 ita,
1413 2744 1451 2775 ut
