1794 2982
361 170 444 212 848
823 168 1181 209 EXCURSUS
1216 168 1274 208 ΙΙ.

364 275 529 322 graviter
552 272 658 308 dixit:
691 273 952 319 opulentia
975 273 1115 308 simul
1137 277 1352 318 se'quuta3
1377 275 1589 308 cultores
1611 274 1730 310 enim

364 338 597 372 virtutum
620 335 863 371 illustrem
887 336 932 370 in
955 337 1105 371 locum
1128 337 1332 370 veniunt.
1378 336 1606 379 Nimirum
1628 346 1731 379 pro·

363 400 442 433 bat
465 409 539 432 res
563 410 796 442 quemque.
845 398 982 432 Ultima
1005 398 1181 432 sententia
1205 399 1251 432 ad
1273 398 1433 432 ludicras
1452 400 1514 431 'res
1538 398 1728 432 transitum

365 463 482 505 parat.
548 460 609 493 Sic
647 460 760 505 igitur
798 460 860 493 hic
891 461 1037 503 quidem
1077 459 1118 494 δέ
1149 471 1219 493 non
1257 461 1517 494 desideramus.
1556 460 1730 494 -Omnino

363 521 464 566 ponit
497 521 641 565 quidem
670 523 787 567 lyrica
818 522 933 556 oratio
959 522 1000 557 δέ
1034 527 1069 556 et
1094 533 1227 566 ponere
1252 522 1375 564 debet,
1406 522 1469 555 ubi
1492 522 1615 567 logica
1638 521 1731 556 ratio

362 595 484 618 rerum
517 584 718 617 necessario
743 585 913 628 postulat,
946 596 1061 628 neque
1084 595 1244 627 unquam
1269 585 1361 617 haec
1385 584 1562 627 particula
1586 583 1732 626 omissa,

364 645 427 679 ubi
447 647 651 680 necessaria
676 650 788 686 esset3
813 647 874 679 sed
898 648 1010 679 multo
1031 646 1148 679 minus
1167 650 1286 679 tamen
1308 656 1351 678 ea
1368 645 1481 679 utitur
1498 656 1606 689 quam
1624 656 1733 689 prosa

364 707 498 751 oratio,
533 708 624 742 alias
650 708 740 741 alios
763 709 890 741 modos
914 707 1144 751 praeferens,
1177 708 1240 740 ubi
1262 707 1349 740 ficri.
1370 711 1498 750 potest.
1552 708 1645 742 Nam
1667 707 1732 740 ubi

365 770 486 804 omnia
510 770 652 804 aliunde
676 781 768 803 nexa
791 774 890 812 sunt,
914 769 1039 803 vivida
1063 769 1118 802 vis
1142 769 1366 813 singularum
1390 770 1732 810 rerum>minuitur3

363 832 483 876 lyrica
507 844 595 865 vero
621 832 739 876 poesis
762 833 862 865 nulla
888 835 1001 873 esset,
1026 831 1094 864 nisi
1119 831 1229 864 etiam
1252 831 1288 863 in
1310 830 1463 874 singulis
1486 830 1576 871 locis
1599 831 1733 874 ubique

364 893 440 928 vim
473 898 508 927 et
540 894 766 927 alacritatem
797 905 966 927 sensuum
991 894 1281 937 deprehenderes
1313 892 1382 935 ipsi
1407 892 1604 935 propriam.
1651 892 1733 925 Hoc

365 955 474 989 etiam
506 959 653 999 propter
685 966 728 988 ea
752 955 851 997 dico,
886 967 978 998 quae
1014 955 1140 988 ultimo
1164 956 1245 988 loco
1269 954 1489 986 subiiciam.>
1519 954 1732 987 'Observare

364 1016 461 1050 enim
492 1017 578 1050 licet
601 1017 799 1050 Pindarum
831 1017 867 1049 in
899 1017 1163 1050 continuatione
1198 1015 1413 1055 'narrationis
1446 1025 1621 1058 persaepe
1645 1025 1732 1058 pro-

363 1088 494 1111 nomen
518 1078 839 1111 demonstrativum
865 1076 1074 1117 οἷσυυδέτως
1100 1079 1181 1111 cum
1205 1077 1412 1120 vi'ponere‚
1437 1076 1500 1108 ubi
1523 1077 1584 1109 vel
1606 1075 1733 1111 relati.-

363 1150 451 1173 vum
476 1140 671 1182 adhibere⁷
708 1141 768 1173 vel
799 1133 869 1174 οὖν
898 1140 1049 1181 addere,
1082 1141 1144 1173 vel
1166 1142 1306 1172 mutata
1330 1137 1589 1171 constructione
1613 1137 1653 1172 δέ
1676 1137 1733 1171 in-

363 1200 462 1234 ferre
477 1227 486 1243 ‚
511 1202 571 1235 vel
595 1202 668 1235 alio
693 1202 801 1235 modo
827 1202 962 1236 arctius
986 1206 1130 1235 nectere
1154 1202 1413 1236 enuntiationes
1436 1203 1589 1245 poterat,
1613 1199 1644 1233 si
1665 1210 1732 1233 vo-

363 1262 501 1297 luisset.
554 1263 645 1296 Dico
669 1264 750 1298 illos
773 1264 932 1298 maxime
956 1265 1166 1298 Pindaricos
1189 1265 1360 1298 transitus
1383 1275 1449 1308 per
1472 1263 1524 1308 τςῦ
1547 1260 1636 1306 μέν,
1663 1259 1732 1296 τὸν

362 1323 450 1368 μέν,
474 1324 533 1359 τοὶ
557 1325 640 1369 μέν,
663 1329 758 1360 τοῖσι
781 1326 865 1371 μέν,
891 1325 999 1369 τόθι,
1035 1325 1199 1366 τούτων,
1224 1327 1379 1368 κείνοις,
1404 1326 1515 1365 alios3
1549 1324 1596 1357 cf.
1621 1324 1678 1358 01.
1701 1324 1730 1366 J,

363 1385 420 1420 75.
445 1387 502 1428 VI,
526 1385 582 1419 44.
609 1388 684 1430 VII,
709 1388 765 1422 32.
789 1388 846 1422 49.
873 1389 971 1430 xm,
994 1388 1050 1422 61.
1077 1389 1183 1432 Pyth.
1210 1389 1267 1431 lv,
1293 1388 1348 1420 156.
1374 1387 1454 1420 120.
1480 1385 1731 1427 lsthm.v‚75.

363 1448 425 1482 Sic
448 1460 483 1482 v.
509 1460 541 1482 c.
567 1449 625 1483 01.
649 1451 721 1494 vn,
745 1450 790 1484 31
814 1462 904 1494 seq.:
933 1448 1167 1495 μαντεύσοιτο
1194 1447 1226 1484 δ’
1252 1449 1287 1489 ἐς
1310 1447 1405 1483 θεὸν
1430 1447 1552 1483 ἐλθών
1576 1449 1732 1493 (Tlepo-

363 1510 510 1555 lemus).
560 1512 612 1556 τῷ
639 1511 705 1555 μὲν
741 1510 760 1547 ὁ
785 1511 1029 1558 Χρυσοκόμας
1062 1511 1221 1550 εὐώδεος
1253 1510 1289 1552 ἕξ
1322 1509 1464 1545 α’δύτου
1489 1512 1591 1544 ναῶν
1613 1507 1732 1544 πλόον

364 1569 463 1613 εἶπε,
504 1584 547 1606 ex
590 1574 737 1619 vulgari
772 1574 911 1608 ratione
943 1575 1054 1608 etiam
1097 1573 1148 1606 sic
1182 1573 1253 1606 dici
1286 1576 1448 1617 poterat:
1493 1571 1514 1607 ὁ
1556 1571 1596 1607 δὲ
1627 1571 1732 1607 ’νάὦν

363 1631 481 1668 πλόον
505 1633 608 1680 αὐτῷ
630 1633 719 1669 εἷπε.
769 1637 841 1670 Sed
864 1637 1012 1669 suavius
1036 1637 1201 1669 alterum.
1259 1635 1386 1668 Placet
1409 1633 1732 1667 demonstrativum

364 1695 498 1739 umque
530 1696 737 1738 alacritate,
770 1698 899 1742 vigore
933 1698 1092 1737 maiore,
1133 1708 1241 1739 quum
1276 1697 1371 1730 aliae
1402 1696 1588 1729 iuncturae
1622 1699 1731 1739 atque

363 1757 475 1792 etiam
498 1758 645 1793 relativi
667 1758 890 1802 frequentior
916 1770 999 1792 usus
1034 1769 1164 1802 prosae
1187 1758 1340 1791 orationi
1363 1757 1484 1802 magis
1507 1757 1730 1792 conveniant.
