1794 2982
364 105 419 144 66
626 101 1203 144 ΟΛΤΜΠΙΟΝΙΚΑΙ
1235 96 1331 144 ΙᾸ.
1371 97 1472 151 (I'.)

500 211 677 258 ἔστασεν
710 206 864 269 ἑορτὰν
897 206 986 256 σύν
1018 207 1282 269 Ὀλυμπιάδι
1315 208 1465 273 πρώτᾳ

501 276 803 337 νικαφορίαισί
835 293 892 321 τε.

401 350 464 394 60
499 345 564 401 τίς
598 342 654 407 δὴ
687 343 913 391 ποταίνιον

501 412 621 472 ἔλαχε
657 412 876 473 στέφανον

501 480 709 540 χείρεσσι,
744 480 877 525 ποσίν
909 496 951 524 τε
986 479 1060 524 καὶ
1094 475 1263 539 ἅρματι,

502 545 693 609 ἀγώνιον
715 546 759 593 ἐν
777 544 884 611 δόξᾳ
905 544 1090 606 θέμενος
1110 540 1252 607 εὖχος,
1281 547 1389 613 ἔργῳ
1419 546 1645 600 καθελώνς
1678 555 1721 588 75

501 681 686 727 σταδίου
712 681 789 741 μὲν
821 678 1075 741 α’ρίστευσεν
1109 678 1256 727 εὐθὺν
1284 680 1413 729 τόνον
1541 684 1646 742 Στρ.
1672 679 1722 727 ὁ’.

404 755 466 800 65
502 750 637 795 ποσσὶ
670 749 831 809 τρέχων
863 752 966 804 παῖς
1000 745 1025 793 ὃ
1060 749 1311 809 Λικυμνίου

509 815 698 874 Οἰωνός·
737 814 826 863 ἷκεν
855 816 901 862 δὲ
926 815 1153 862 Μιδέαθεν
1172 815 1358 878 στρατὸν
1381 814 1596 866 ἐλαύνων·
1632 813 1658 861 ὁ
1678 815 1724 861 δὲ

888 882 1007 947 πάλᾳ
1029 883 1448 947 κυδαίνων’Έχεμος
1475 883 1656 946 Τεγέαν·
1681 891 1725 924 80

503 952 737 1013 Δόρυκλος
766 949 805 998 6²
832 951 957 1013 ἔφερε
989 956 1165 1013 πυγμᾶς
1193 952 1316 1010 τέλος

509 1021 714 1081 Τίρυνθα
748 1019 882 1066 ναίων
914 1017 1066 1065 πόλιν·

506 1086 572 1134 ἄν’
607 1089 777 1134 ἵπποισι
811 1088 858 1133 δὲ
891 1086 1090 1148 τέτρασιν

406 1227 469 1271 70
507 1218 595 1268 α’πὸ
632 1220 879 1278 Μαντινέας
913 1224 1067 1281 Σᾶμος
1101 1219 1368 1281 ὠλιροθίου·
1546 1219 1652 1268 Ἀντ.
1675 1219 1725 1266 6¹.

504 1287 653 1335 ἄκοντι
691 1287 907 1349 Φράστωρ
942 1289 1065 1336 ελασε
1099 1288 1290 1336 σκοπόν·
1683 1297 1727 1329 85

503 1375 645 1418 μακος
665 1355 703 1403 δ’
714 1354 762 1402 F
744 1375 910 1414 νινευς
929 1357 1039 1403 εδικε
1058 1357 1200 1423 πέτρω
1222 1341 1327 1418 χέρα
1349 1355 1598 1412 κυκλώσαις
1614 1352 1727 1414 ὑπερ

944 1422 1159 1484 απαντων,
1186 1427 1259 1471 καὶ
1282 1425 1506 1486 συιιιιαχιά
1526 1422 1729 1484 θόρυβον

415 1550 447 1569 v.
474 1537 529 1570 58.
563 1534 600 1570 ἐν
624 1533 845 1590 Ὀλυμπιάδι
873 1554 915 1560 -
948 1548 980 1571 v.
1008 1537 1063 1570 61.
1096 1549 1136 1581 γε
1168 1535 1254 1593 λάχε
1276 1556 1322 1560 ——
1347 1549 1378 1569 v.
1405 1537 1459 1570 62.
1487 1531 1659 1580 ἅρμασιν,
1684 1552 1729 1560 -

370 1595 399 1615 v.
426 1583 479 1616 64.
504 1579 657 1616 σταδιον
691 1590 726 1614 et
750 1579 958 1616 εὐθύτονον
985 1602 1027 1606 -
1052 1595 1084 1615 ν.
1110 1584 1165 1617 66.
1189 1579 1277 1626 ἧκεν
1303 1589 1337 1614 et
1365 1582 1522 1635 Τέγεαν·
1544 1600 1590 1605 -
1614 1592 1645 1612 v.
1671 1579 1726 1614 67.

370 1627 558 1683 Δόρυκλος
581 1626 621 1662 δὲ
644 1626 745 1666 τέλος
761 1627 911 1681 πυγμᾶς
931 1626 1018 1671 φέρε
1036 1647 1081 1652 —
1098 1640 1128 1660 v.
1147 1629 1202 1661 70.
1228 1628 1361 1672 Σᾶμος
1377 1624 1537 1672 ηἐίδετο
1550 1645 1591 1651 —
1622 1638 1653 1660 v.
1671 1626 1725 1658 71.

368 1671 521 1720 κᾷκοντι
546 1693 591 1697 -
615 1685 647 1706 v.
674 1674 728 1706 72.
754 1670 939 1712 ἅπαντας·
965 1672 1027 1707 καὶ
1052 1674 1238 1720 συμμαχίᾳ

456 1770 491 1792 v.
516 1757 573 1791 58.
621 1756 675 1801 [ἐν
699 1755 918 1799 Ὀλυμπιάδι
942 1756 1027 1790 libri
1055 1757 1260 1790 deteriores.
1308 1758 1420 1790 Wersu
1442 1755 1499 1789 61.
1523 1754 1728 1788 Boeckhius

366 1816 405 1846 γε
430 1802 528 1846 λάχε,
553 1803 866 1846 interpolationem
888 1802 1137 1844 metricor‚um
1171 1802 1308 1847 expulit
1340 1814 1421 1836 cum
1444 1801 1547 1837 libris
1570 1800 1726 1845 optimis.

368 1851 446 1883 Pal.
473 1850 500 1883 C
525 1848 641 1894 ἔλαβε.
691 1849 815 1892 SCH.]

390 1939 422 1973 4
458 1907 493 1928 v.
517 1893 574 1927 62.
622 1891 772 1940 [ἅρματι
797 1893 934 1937 optimi,
959 1897 997 1927 ut
1021 1893 1077 1927 Ol
1100 1893 1128 1936 Ῑ,
1153 1893 1232 1927 110.
1257 1894 1364 1939 Pyth.
1390 1894 1447 1936 SI,
1466 1893 1522 1927 17.
1547 1892 1674 1927 Isthm.
1694 1891 1724 1933 l,

458 1998 492 2019 v.
519 1984 575 2019 64.
622 1983 723 2017 Libri
748 1982 900 2018 σταδιον
925 2004 971 2009 —
1002 1982 1208 2018 εὖθ’ύτονον
1233 1989 1356 2018 contra
1379 1988 1545 2018 metrum.
1582 1982 1726 2018 Schmi-

370 2032 447 2065 dius
471 2030 624 2064 coniecit
655 2028 913 2074 εὐθύδρομον,
948 2031 1176 2063 Hel-mannus
1210 2032 1363 2064 σταδίου
1386 2049 1432 2054 -
1457 2027 1574 2064 εὐθὺν
1598 2027 1728 2070 πόνον,

367 2083 406 2110 ut
439 2081 492 2110 est
523 2073 739 2111 εὖθύπονον
770 2076 804 2109 in
830 2076 985 2132 Guelph.
1023 2077 1209 2109 Postremo
1232 2075 1468 2110 Thierschius
1501 2076 1535 2109 in
1557 2074 1728 2108 Versione

369 2123 588 2156 Gemanica
612 2122 797 2165 proposuit
821 2119 940 2157 εὐθὺν
964 2120 1087 2163 τόνον,
1112 2122 1218 2166 idque
1241 2133 1334 2155 nunc
1356 2121 1493 2176 recepit
1508 2121 1726 2155 Boeckhius.

368 2169 471 2211 Quae
495 2168 639 2220 quidem
666 2168 868 2202 emendatio
893 2168 984 2202 bona
1009 2172 1080 2210 est,
1114 2167 1144 2201 si
1169 2169 1321 2203 σταδίου
1345 2166 1466 2202 ευθύν
1489 2166 1599 2202 τόνον
1623 2166 1728 2200 intel-

365 2213 450 2258 ligis
475 2225 589 2246 cursus
613 2214 647 2245 in
679 2213 794 2246 stadio
826 2219 952 2247 rectam
985 2215 1169 2247 tensionem
1211 2215 1311 2257 (des
1343 2213 1521 2247 Laufes
1551 2213 1726 2258 gel-ade

368 2259 425 2302 Sp
439 2269 642 2303 annung,
668 2258 945 2304 Richtung)‚
982 2264 1021 2293 ut
1045 2258 1198 2294 στάδιον
1223 2260 1331 2293 etiam
1356 2270 1497 2292 cursum
1519 2258 1727 2311 significare

369 2308 525 2343 constan
560 2285 1258 2348 cf.'Pyth.xl,49.Nem.V111‚15.
1315 2305 1378 2339 Sin
1416 2304 1527 2348 ipsius
1558 2302 1728 2337 curriculi

367 2354 505 2383 rectam
528 2349 725 2383 tensionem
748 2350 985 2395 intelligere8‚
1018 2362 1086 2384 ιιοιι
1110 2351 1316 2384 conveniret
1334 2348 1563 2403 ἀριστεύειν.
1611 2350 1727 2382 Recte

367 2394 495 2428 dicitur
519 2395 649 2449 aliquis
680 2395 819 2439 πάλην,
853 2396 1012 2441 ὸρόμον,
1041 2395 1163 2448 μάχην
1196 2393 1419 2440 αριστεύειν,
1455 2395 1516 2428 sed
1551 2405 1620 2428 non
1654 2393 1726 2428 dici

367 2444 481 2494 potest
515 2438 717 2493 ἀριστεύειν
740 2442 877 2495 χῶρον,
910 2442 1057 2478 n561'‚0v
1091 2440 1263 2483 στάδιον,
1299 2441 1329 2474 si
1353 2441 1424 2474 hoc
1458 2451 1523 2484 pro
1547 2440 1725 2474 curriculo

368 2486 424 2520 sit.
474 2486 579 2530 [Atp
583 2485 709 2519 ertinet
733 2485 854 2521 εὐθὺν
877 2485 987 2520 τόνον
1013 2487 1059 2520 ad
1083 2486 1231 2530 τρέχειν.
1281 2487 1402 2527 SCH.]

454 2543 488 2565 v.
515 2498 579 2565 66Ρ
620 2531 777 2575 [Τεγέαν
792 2532 950 2576 signavit
963 2532 1180 2575 Boeckhius,
1205 2543 1313 2576 quum
1327 2532 1503 2566 Pindarus
1522 2530 1639 2576 Τεγέᾶ
1654 2531 1724 2565 ha-

366 2577 454 2610 beat
454 2576 577 2655 vNem.
604 2578 647 2617 X,
671 2577 726 2610 47.
773 2578 893 2621 SCH.]

480 2621 569 2655 .70.
623 2623 739 2668 Vulgo
774 2625 902 2664 Σᾶμος
935 2621 1080 2665 ηἐίδετο
1112 2624 1172 2665 (ex
1204 2635 1238 2657 v.
1272 2622 1359 2665 76..)
1421 2623 1523 2657 Libri
1553 2621 1723 2656 meliores

367 2678 447 2700 cum
454 2634 608 2702 chholl.
643 2673 727 2702 vett.
752 2669 834 2712 σαμ’
858 2667 1084 2723 Ἀλιρὁθιόυ
1110 2674 1172 2704 aut
1195 2667 1451 2725 Αλλιῤῥοθίου.
1501 2668 1602 2702 Unde
1626 2667 1722 2701 Boe-

363 2712 489 2746 ckhius
518 2718 619 2748 acute
643 2714 796 2749 restituit
819 2715 948 2759 Σᾶμος
974 2712 1192 2761 ιὸλιροθίου,
1231 2715 1267 2749 h
1295 2727 1326 2750 e.
1353 2713 1373 2750 ό
1397 2713 1623 2761 Ἁλιροθίο,υ
1656 2713 1722 2747 Se-
