1751 2986
321 126 432 154 xxxn

323 221 420 254 tione
442 229 591 252 narrare
622 228 661 250 se
685 217 779 250 velle
803 215 901 255 dicit,
923 217 962 248 ut
985 213 1179 257 aliquando
1212 215 1255 248 dc
1279 214 1421 259 virgine
1445 213 1584 258 Libyca
1607 222 1684 246 cer-

324 286 444 316 tamen
474 280 671 314 institutum
704 279 770 317 sit,
802 282 908 319 atque
941 275 1014 308 huc
1043 281 1234 310 revocatur
1266 287 1421 319 sequens·
1448 275 1618 308 narratio.
1642 291 1687 298 —-—

324 343 430 388 Pyth.
442 342 552 383 x,31.
570 352 635 384 per
652 338 912 382 oppositionem
930 337 975 370 ad
993 338 1252 381 Hyperboreos
1268 348 1376 381 quum
1390 336 1548 370 venisset
1565 335 1688 369 aPer-

324 416 384 437 seo
410 404 546 436 orditur
570 413 631 434 eos
658 400 716 443 qui
741 400 885 441 viserit,
919 400 964 432 ad
995 399 1092 432 idem
1117 390 1254 433 factum
1277 399 1314 432 in
1343 399 1417 431 fine
1442 397 1534 430 redit
1569 408 1604 430 v.
1629 395 1687 429 45.

324 466 476 498 firmans
508 463 617 496 etiam
641 462 754 495 fidem
778 461 924 494 itineris.
951 480 992 485 —
1028 461 1136 504 P5th.
1162 461 1224 501 XI,
1249 461 1305 493 16.
1343 460 1495 493 laudans
1519 469 1687 491 coronam

325 525 554 570 Thras5daei
578 525 613 557 iu
638 523 816 556 Cirrhaeo
842 533 970 565 campo
994 527 1137 565 partam
1164 522 1265 565 quasi
1286 533 1351 565 per
1370 520 1690 564 amplificationem

325 589 444 622 laudis
477 588 523 620 ad
549 586 713 620 orestem
746 584 1021 617 celeberrimum
1051 583 1137 616 olim
1168 583 1202 616 in
1237 582 1294 616 his
1318 582 1530 626 regionibus
1555 582 1691 626 degen-

325 653 399 682 tem
425 647 569 689 transit,
600 657 621 680 a
647 656 715 689 quo
740 645 858 686 facto,
887 648 927 677 ut
950 645 1128 684 themate,
1161 645 1262 679 initio
1286 646 1411 686 ducto,
1445 643 1547 687 quasi
1574 641 1690 686 expli-

327 715 492 751 caturus,
517 708 697 752 quomodo
722 707 866 739 Orestes
898 707 968 739 huc
1001 707 1159 749 venerit,
1184 707 1235 740 sic
1260 709 1382 740 narrat
1406 705 1537 747 omnia,
1563 704 1692 748 quibus

327 783 433 815 opus,
461 775 496 804 et
525 770 560 803 in
591 769 664 802 fine
698 768 809 802 etiam
840 767 933 801 redit
965 769 1010 801 ad
1036 768 1172 802 Orestis
1203 780 1344 810 nomen,
1366 780 1401 801 v.
1427 767 1484 800 35.
1508 786 1554 791 —
1581 766 1691 810 Pyth.

328 834 407 874 ΧΠ,
439 833 471 865 (i.
504 842 570 875 per
601 830 921 874 amplificationem
953 829 1070 862 laudis
1100 829 1228 862 tibiam
1262 840 1283 862 a
1307 828 1475 862 Minerva
1508 829 1694 862 inventam

327 895 424 936 dicit,
453 894 546 937 quod
568 893 705 926 factum
732 893 972 935 explicaturus
995 891 1170 924 Medusae
1191 891 1339 923 caedem
1360 894 1493 931 narrat,
1510 893 1693 933 postremo

328 957 374 989 ad
396 955 638 989 inventionem
661 954 771 987 tibiae
796 954 900 986 redit.
926 973 968 977 —
1000 952 1101 986 Nem.
1129 953 1158 991 I,
1183 952 1238 985 38.
1272 963 1337 995 per
1369 951 1694 995 amplificationem

327 1017 444 1050 laudis
475 1020 514 1049 ut
555 1017 761 1059 exemplum
799 1026 955 1059 magnae
993 1014 1132 1047 virtutis
1168 1014 1309 1057 ponitur
1349 1013 1517 1046 Herculis
1553 1013 1693 1046 fabula.

329 1078 533 1117 Sententia,
565 1082 603 1110 ut
627 1077 755 1118 moris,
791 1088 860 1109 non
892 1076 1067 1119 repetitur
1099 1075 1133 1108 in
1158 1075 1251 1114 fine;
1282 1075 1344 1107 sed
1377 1074 1427 1106 ibi
1459 1073 1619 1118 pulcrius
1651 1074 1696 1107 de

328 1139 453 1182 requie
493 1142 573 1181 post
613 1139 756 1171 labores
800 1138 836 1171 in
878 1137 1035 1181 Olympo
1071 1137 1210 1170 dicitur.
1243 1155 1287 1162 —
1324 1136 1427 1169 Nem.
1452 1136 1500 1176 V,
1533 1135 1590 1167 22.
1632 1147 1696 1179 per

329 1200 591 1245 oppositionem
622 1201 668 1232 ad
701 1199 842 1242 nuptias
867 1199 966 1231 Pelei
1000 1198 1143 1239 transit,
1176 1208 1268 1240 quae
1301 1209 1363 1230 cur
1396 1196 1612 1241 contigerint
1633 1208 1696 1229 ex-

330 1263 526 1305 plicaturus
561 1262 605 1294 de
637 1261 799 1294 castitate
824 1260 946 1292 herois
980 1259 1085 1301 dicit,
1120 1264 1302 1302 postremo
1333 1270 1367 1291 v.
1392 1257 1449 1291 36.
1484 1258 1530 1290 ad
1558 1257 1697 1290 initium

329 1324 433 1356 redit.
468 1324 676 1356 Rex-ocatur
696 1322 807 1366 igitur
831 1323 931 1355 locus
957 1321 1002 1353 ad
1027 1321 1191 1364 praemia
1215 1319 1387 1354 castitatis
1411 1319 1642 1352 declaranda.
1657 1337 1694 1343 —

329 1384 431 1418 Nem.
457 1384 533 1426 VH,
565 1383 621 1416 20.
658 1394 723 1426 per
748 1383 1009 1426 oppositionem
1034 1383 1080 1415 ad
1104 1382 1275 1426 Ulyssem
1296 1380 1423 1414 transit
1447 1380 1627 1414 immerito
1650 1380 1696 1414 ab

330 1447 492 1479 Homero
522 1445 730 1484 laudatum,
763 1444 848 1477 hinc
882 1445 927 1477 ad
951 1443 1101 1476 Aiacem
1133 1447 1168 1476 et
1198 1442 1476 1486 Neoptolemum
1508 1443 1697 1485 praeclaro

330 1509 466 1541 honore
491 1506 644 1549 Delphis
678 1507 724 1539 ab
748 1505 914 1548 Apolline
944 1505 1146 1545 distinctos,
1182 1505 1234 1537 sic
1267 1505 1392 1538 laudes
1426 1508 1461 1537 et
1493 1503 1572 1537 fata
1602 1503 1699 1537 Neo-

329 1569 477 1613 ptolemi
502 1568 664 1611 exponit,
695 1567 729 1599 in
752 1567 826 1599 fine
851 1572 970 1599 autem
995 1566 1041 1599 ad
1061 1566 1217 1599 honores
1243 1565 1335 1599 redit
1364 1564 1517 1608 Delphis
1549 1565 1582 1598 ei
1615 1575 1700 1598 con-

329 1630 480 1664 stitutos.
507 1647 549 1654 ·—
573 1629 675 1662 Nem.
694 1628 789 1670 wll,
812 1627 867 1660 20.
894 1639 960 1671 per
983 1626 1285 1660 continuationem
1310 1625 1595 1660 antecedentium
1619 1636 1700 1658 sen-

330 1692 479 1725 tentiam
502 1691 602 1734 ponit
627 1690 670 1723 de
694 1690 830 1723 invidia
854 1689 989 1732 optima
1015 1699 1176 1732 quaeque
1200 1689 1412 1728 invadente,
1437 1688 1523 1721 hinc
1547 1687 1701 1720 nectitur

333 1754 491 1786 narratio
518 1754 561 1786 dc
586 1752 717 1794 Aiace,
750 1756 931 1796 postremo
966 1751 1024 1783 hic
1050 1752 1194 1794 quidem
1219 1761 1355 1795 magna
1381 1761 1463 1782 cum
1488 1749 1526 1783 vi
1550 1749 1596 1783 ad
1619 1759 1701 1782 sen-

332 1815 481 1848 tentiam
507 1814 598 1848 initii
620 1814 724 1856 redit,
749 1826 784 1846 v.
801 1813 916 1847 34.-
939 1813 1042 1847 Nem.
1066 1814 1106 1846 X.
1135 1813 1255 1845 dicens
1282 1812 1325 1844 de
1350 1817 1456 1856 gente
1482 1810 1629 1844 victoris
1654 1809 1702 1843 ad

331 1876 498 1909 Castores
524 1876 684 1908 fautores
708 1887 816 1919 quum
841 1875 1045 1908 deduxisset
1069 1875 1265 1907 orationem
1302 1885 1366 1917 per
1397 1872 1700 1905 continuationem

332 1938 468 1975 laudis,
496 1937 634 1970 orditur
658 1949 692 1970 v.
718 1936 774 1970 55.
801 1937 847 1970 ab
874 1948 917 1970 eo
941 1936 1058 1974 facto,
1094 1936 1186 1978 quod
1212 1934 1427 1968 coniunctim
1452 1933 1600 1966 alternis
1623 1932 1700 1967 die-

333 1998 400 2030 bus
424 1998 460 2030 in
484 1998 641 2042 Olympo
668 2002 703 2032 et
726 1999 793 2031 sub
819 2002 916 2031 terra
941 1998 1077 2037 vivunt,
1102 2001 1209 2039 atque
1234 1997 1306 2029 huc
1332 1996 1439 2029 etiam
1464 1995 1497 2028 in
1521 1994 1593 2027 fine
1617 1993 1701 2027 red-

333 2060 381 2100 it,
418 2064 606 2103 postquam
632 2071 697 2102 per
731 2058 895 2092 fabulam
920 2059 1167 2102 interpositam
1193 2068 1323 2091 causas
1346 2056 1399 2089 rei
1422 2055 1634 2089 declaravit.
1658 2074 1700 2081 —

332 2121 448 2164 Atque
472 2122 564 2154 haec
589 2121 732 2163 quidem
756 2122 941 2154 hactenus.
978 2121 1147 2154 Consulto
1172 2119 1292 2152 omnia
1316 2119 1483 2161 exempla
1501 2119 1701 2161 perlustra-

333 2182 386 2223 vi,
419 2186 458 2214 ut
487 2183 609 2226 legem
642 2183 926 2216 demonstrarem
950 2194 972 2216 a
996 2186 1104 2226 poeta
1128 2182 1378 2222 observatam,
1417 2191 1482 2213 nec
1506 2179 1702 2223 quidquam

333 2253 425 2275 nunc
458 2246 586 2283 restat,
629 2255 738 2286 quam
767 2248 806 2277 ut
839 2255 883 2278 ca
916 2255 1057 2288 quoque
1091 2244 1253 2277 carmina
1289 2241 1573 2278 consideremus,
1607 2250 1702 2282 quae

333 2313 450 2346 pauca
480 2308 578 2345 sunt,
612 2305 673 2337 ubi
705 2307 826 2349 plures
858 2305 1007 2339 fabulae
1039 2309 1121 2339 sunt
1153 2305 1374 2338 coniunctae.
1431 2301 1487 2334 lta
1519 2305 1640 2334 autem
1665 2299 1701 2334 in

332 2364 466 2398 talibus
490 2370 655 2399 versatur
678 2367 858 2400 Pindarus
872 2393 880 2408 ,
915 2371 954 2400 ut
977 2371 1012 2400 et
1035 2367 1178 2410 singula
1202 2366 1293 2398 bene
1317 2366 1437 2397 nectat
1460 2365 1495 2395 et
1519 2361 1701 2396 communi

332 2425 476 2459 vinculo
508 2428 630 2461 omnia
663 2428 933 2472 complectatur.
974 2426 1048 2460 01.
1081 2427 1126 2459 11.
1169 2426 1343 2460 sententia
1379 2425 1424 2457 dc
1457 2423 1701 2458 consolatione

334 2497 588 2521 aerumnarum
622 2500 665 2522 ex
698 2489 859 2523 adversis
892 2487 1000 2521 rebus
1023 2498 1089 2531 per
1123 2488 1297 2521 secundas
1331 2491 1383 2520 est
1419 2496 1511 2529 quae
1545 2486 1702 2520 continet

332 2548 465 2582 omnia.
512 2549 564 2582 Ac
587 2555 668 2593 post
691 2552 810 2584 locum
835 2550 879 2583 de
904 2549 1031 2583 Cadmi
1054 2549 1201 2583 filiabus
1225 2559 1319 2582 nova
1343 2548 1518 2582 sententia
1543 2557 1701 2591 praepa-

332 2613 388 2642 rat
411 2611 606 2644 secundum
631 2612 675 2645 de
695 2611 826 2655 Oedipi
849 2611 948 2654 filiis,
974 2610 1125 2654 denique
1150 2624 1185 2645 v.
1203 2611 1258 2645 53.
1283 2611 1428 2645 tertium
1453 2610 1497 2643 de
1521 2609 1598 2643 vita
1620 2612 1701 2653 post

333 2674 498 2705 mortem.
522 2690 567 2698 -
593 2673 720 2707 Isthm.
745 2674 818 2715 Vll,
841 2672 897 2707 25.
923 2672 1161 2707 Aeacidarum
1189 2671 1334 2706 laudem
1359 2671 1540 2715 duplicem
1564 2671 1699 2712 dicens,
