1794 2982
87 274 258 320 Pythia
280 275 332 330 V,
348 275 403 310 68.
438 274 750 308 Rauchensteinius
773 285 810 329 p.
826 275 882 309 54.
908 275 1036 308 rectius
1052 274 1190 308 videtur
1204 276 1453 332 interpungere

179 321 244 353 sic:
278 319 321 355 τὸ
354 317 388 355 δ’
418 317 556 375 ἐμόν,
582 318 757 379 γαρύοντ’
786 318 860 355 ἀπὸ
898 319 1078 366 Σπαρτοῖς
1111 320 1299 380 ἔπήραΐον
1335 321 1453 365 κλέος,

168 361 312 402 ’Ὅθεν
322 357 578 410 γεγενναμένοι
600 365 745 401 ’Ἷκοντο
779 364 950 411 Θήρανδε
981 367 1112 420 φῶτες
1123 367 1322 423 Αἰγεΐδαι,
1356 367 1395 402 ἐ
1417 349 1454 403 οἱ

177 411 345 466 πατέρες.
400 411 567 444 Similiter
590 413 711 445 Isthm.
738 413 821 453 VH,
847 413 902 446 38.
941 408 991 446 Τὸ
1017 411 1083 456 μὲν
1115 409 1226 456 ἐμόν,
1258 414 1360 456 Pyth.
1387 379 1453 455 gss',

177 457 234 491 41.
258 455 301 491 τὸ
328 455 369 492 δὲ
391 455 479 492 τεόν
502 457 640 500 legitur.
688 458 755 490 Sed
779 465 863 500 post
889 455 1059 503 Θήρανδε
1091 460 1290 492 necessario
1317 459 1452 492 comma

174 503 399 545 ponendum,
432 515 475 535 ne
499 505 570 546 Aeg
573 503 650 536 idae
682 515 701 536 a
731 503 921 535 maioribus
955 510 1080 556 poetae
1105 503 1329 537 divellantur.
1388 506 1451 536 Se-

173 547 315 590 quentia
349 548 396 580 ita
422 549 527 581 scribi
559 549 657 581 vult.
693 547 803 583 ἔνθεν
837 544 1122 591 ἀναδεξάμενοι,
1147 545 1357 589 Ἄπολλον,
1373 540 1451 594 τέἅ,

131 628 135 632 ,
175 594 356 638 Καρνεῖε,
380 591 442 627 Ἐν
466 593 567 628 δαιτὶ
593 593 781 639 σεβίζομεν
803 593 978 640 Κυράνας
1003 592 1252 636 ἀγακτιμέναν
1274 573 1396 629 πόλιν.

84 637 262 680 Pythia
287 640 347 679 VI,
369 640 425 672 50.
484 640 635 672 Eandem
670 640 772 673 video
807 641 851 690 de
881 652 967 673 voce
988 637 1208 684 Ἑλάσιχθον
1241 641 1449 673 senteutiam

175 695 250 716 esse
272 684 407 727 Bergkii
433 685 519 727 Frag
503 696 565 716 um.
591 686 669 719 281.

82 727 245 770 Pythia
270 730 348 769 VH,
373 730 405 762 9.
441 731 585 763 πολίεσι
608 730 725 762 reiicit·
747 730 882 761 Ahrens
906 742 941 773 p.
966 731 1044 762 230.

82 773 250 816 Pythia
274 753 449 813 v11’1‚96.
504 773 704 832 ᾆνθρωποι
728 776 831 807 etiam
856 774 986 807 Scholl.
1013 775 1121 818 Soph.
1149 776 1188 807 0.
1215 775 1256 807 R.
1286 775 1383 808 1186.

82 817 247 862 Pythia
272 799 416 859 1X‚'64.
470 820 613 861 φί,λοις
647 818 818 863 ἄγχιστον
853 816 914 854 ὄπ.
948 817 1075 862 μήλων
1109 820 1313 863 praeferunt
1342 820 1449 854 Wel-

175 864 295 896 ckerus
320 865 410 897 Mus.
441 865 553 898 Rhen.
582 866 679 898 1833.
769 866 844 898 375.
873 872 908 898 et
932 866 1202 898 Heimsoethius.

82 908 207 952 Pyth.
236 911 307 951 ΙΧ,
333 909 392 942 87.
434 910 599 952 Bergkius
624 921 714 941 nunc
739 910 901 940 Addend.
925 921 959 951 p.
985 911 1062 943 885.
1096 907 1139 943 αέ
1162 910 1331 942 Pisandro
1358 916 1448 942 teste

175 954 374 987 confirmari
397 961 517 986 censet
538 955 729 997 eademque
754 960 808 986 est
827 954 999 986 sententia
1020 955 1182 987 Ahrentis
1207 966 1241 998 p.
1257 955 1336 988 379.
1366 955 1447 987 Non

171 998 264 1030 refra
290 1010 340 1030 or.

81 1042 247 1087 Pythia
267 1010 336 1084 iix,
359 1043 415 1078 91.
463 1043 557 1084 (pati
579 1055 643 1087 pro
669 1043 762 1087 φησί
784 1055 965 1088 perperam
979 1044 1161 1077 Aeolicum
1185 1044 1348 1088 perhibet
1371 1044 1447 1077 He-

170 1089 323 1122 raclides
346 1088 504 1121 Eustath.
530 1101 563 1132 p.
591 1090 690 1130 1613,
714 1089 769 1121 28.

80 1133 246 1178 Pythia
270 1135 328 1176 X,
354 1134 408 1169 48.
454 1133 656 1178 θαυματόν
689 1141 830 1180 praeter
860 1135 1104 1168 necessitatem
1131 1135 1445 1168 Rauchensteinius

169 1180 368 1224 suspicatur
391 1191 426 1224 p.
451 1180 507 1213 79.

81 1225 250 1269 Pythia
273 1227 327 1267 X,
351 1225 408 1259 57.
454 1225 590 1258 Ahrens
615 1237 650 1267 p.
674 1225 749 1260 146.
784 1226 929 1258 formam
953 1221 1164 1265 Ιπποκλέας
1189 1225 1334 1258 maxime
1359 1225 1444 1258 bar·-

171 1271 289 1304 baram
314 1271 528 1304 criminatur.
577 1271 685 1313 Igitur
709 1271 776 1303 hoc
801 1283 902 1304 vorsu
926 1270 991 1305 τὸν
1014 1269 1234 1305 ‘Inuenisti
1257 1270 1316 1305 ἔτι
1334 1281 1445 1323 repo-

170 1317 247 1357 nit,
272 1324 312 1349 ut
335 1324 389 1349 est
413 1314 869 1360 Pyth.X11‚24.s.15u2m}.
916 1318 1025 1349 Versu
1047 1325 1160 1350 autem
1186 1318 1225 1350 5.
1254 1313 1380 1350 Ἀλεύα
1404 1317 1461 1350 ἰε’

167 1359 300 1396 παῖδ’
325 1359 387 1401 ἐς
387 1358 598 1396 Ἱπποκλεᾶ
622 1359 829 1403 ἐθέλοντες,
861 1369 900 1395 ut
925 1363 1066 1395 Thorax
1093 1375 1170 1395 cum
1194 1362 1308 1394 altero
1335 1361 1445 1394 fratre

171 1419 308 1441 comum
331 1407 534 1441 instituerit.
593 1408 696 1446 Quod
722 1407 900 1439 arbitrium
925 1420 1029 1452 quum
1061 1408 1145 1440 mihi
1170 1407 1317 1440 calidius
1341 1407 1444 1439 vide-

169 1460 266 1486 retur
290 1464 394 1506 quam
427 1453 643 1496 probabilius
676 1453 827 1493 sactum,
859 1454 1040 1497 impetravi
1071 1454 1138 1486 hoc
1169 1454 1212 1485 ab
1240 1452 1373 1494 amico,
1407 1458 1445 1484 ut

170 1499 409 1544 quaestionem
442 1499 637 1531 accuratius
672 1506 888 1531 retractaret.
949 1500 1058 1543 quue
1091 1499 1179 1531 fecit
1210 1498 1245 1530 in
1278 1497 1442 1529 Addend.
1479 1500 1485 1508 '

170 1554 205 1587 p.
231 1545 299 1578 560
323 1555 398 1588 seq.
433 1544 670 1587 disputatione
694 1544 877 1578 uberrima.
937 1545 1036 1577 Licet
1061 1550 1173 1576 autem
1198 1554 1290 1575 nunc
1315 1554 1444 1575 conce-

169 1589 230 1622 dat
263 1589 409 1644 reperiri
442 1590 569 1622 similia
603 1590 740 1624 nomina
764 1587 956 1635 Ἱπποκλέᾳ
992 1597 1116 1622 nostro
1143 1589 1373 1632 opitulantia‚
1405 1594 1445 1620 ut

168 1631 429 1680 Ἆριστοκλέας,
461 1633 661 1678 ’Ῑφικλέας,
695 1626 951 1679 Πατροκλέας,
987 1643 1100 1667 tamen
1125 1647 1190 1677 pro
1216 1633 1356 1667 Pindari
1379 1644 1444 1665 ae-

170 1687 243 1713 tate
261 1680 408 1714 formam
425 1680 655 1713 insolentiore
639 1692 691 1712 em
709 1680 841 1713 iudicat
861 1692 972 1724 neque
995 1692 1068 1712 eam
1086 1693 1105 1712 a
1125 1679 1224 1711 libris
1246 1678 1348 1711 valde
1363 1690 1441 1710 mu-

172 1726 293 1759 nitam.
348 1727 400 1758 Ex
430 1726 662 1769 scriptoribus
694 1727 824 1768 primns
851 1727 1057 1758 Plutarchus
1088 1732 1219 1757 certum
1245 1724 1443 1767 exemplum

169 1770 296 1814 offert,
320 1771 380 1815 qui
396 1770 644 1824 'Hargouls'oev
668 1772 954 1804 interlocutorem
979 1772 1013 1803 in
1039 1771 1154 1813 dialog
1138 1783 1178 1802 σο
1205 1771 1247 1801 de
1272 1772 1306 1802 S.
1331 1770 1377 1802 N.
1400 1769 1444 1801 V.

169 1816 564 1860 habet3antiqui01em
598 1817 861 1859 inscriptionem
893 1817 1051 1848 carminis
1074 1814 1257 1848 Ιπποκλεῖ
1285 1826 1304 1846 a
1328 1826 1442 1857 gram-

169 1862 304 1894 maticis
330 1873 372 1894 ex
394 1862 473 1904 ipso
500 1861 649 1893 carmine
673 1862 884 1893 immutatam
910 1873 984 1893 esse
1010 1867 1109 1903 putat
1133 1860 1281 1892 Ahrens.
1335 1860 1442 1891 Cete-

168 1918 245 1939 rum
270 1906 452 1938 articulum
474 1904 560 1939 τὸν
581 1904 772 1940 Ιπποκλεᾶ
803 1906 928 1938 iniuria
965 1906 1185 1949 impugnasse
1210 1905 1443 1936 Hermannum

170 1951 338 1992 exemplis
362 1951 626 1984 demonstravit.

49 1995 1169 2040 'PythX1,32.10a11.Gui1.Donaldsoninlibro
1196 1995 1309 2026 bonae
1333 1994 1443 2036 frugis

172 2041 300 2085 pleno,
325 2052 426 2084 quem
450 2040 619 2073 Novum
654 2041 888 2094 Cratylum
914 2040 1111 2082 inscripsit,
1145 2039 1387 2091 C-antabrigiae
1410 2050 1442 2070 a.

175 2087 274 2120 1839.
318 2087 412 2118 edito
453 2097 487 2128 p.
525 2087 603 2119 390.
645 2084 799 2131 χρόνῳ-
812 2088 959 2124 κλυταῖς
999 2086 1210 2117 coniunctim
1246 2091 1281 2116 et
1316 2083 1444 2136 accipit

173 2138 208 2164 et
231 2131 415 2164 scribendo
442 2131 612 2185 exprimit.
659 2132 793 2163 Pariter
818 2132 852 2162 in
872 2131 993 2162 Aesch.
1016 2130 1174 2173 Choeph.
1198 2130 1273 2162 641.
1302 2126 1443 2174 χρόνῳ·

173 2175 286 2220 κλυτὴ
312 2174 532 2222 βυσσόφρων
556 2174 711 2216 Ἐρινύς,
738 2183 774 2208 ut
798 2177 842 2208 sit
866 2183 1101 2208 vetustate
1126 2176 1314 2216 nobilis,
1340 2175 1442 2217 pri-

174 2234 259 2256 sca.
308 2223 376 2254 Sed
402 2229 474 2254 tum
498 2221 740 2263 χρονόκλυτος
761 2222 981 2253 scribendum
1007 2221 1111 2252 sonet.

80 2269 245 2302 Nemea
267 2269 336 2307 ΙΙΙ,
360 2269 414 2301 41.
470 2268 664 2299 Reductum
698 2267 882 2310 oportebat
910 2263 1116 2308 ψεφεννός,
1152 2276 1257 2316 quum
1290 2264 1444 2306 vulgaris

173 2314 287 2346 forma
312 2314 459 2367 pessime
486 2313 631 2344 formata
656 2313 711 2344 sit.
768 2315 817 2344 Ut
850 2324 868 2343 a
894 2310 1023 2350 σκότος
1046 2307 1261 2350 σκοτεννός,
1291 2308 1444 2347 κέλαδος

174 2355 390 2397 κελαδεννός
415 2364 511 2396 cett„
537 2358 586 2389 sic
610 2370 628 2390 a
651 2356 775 2398 ψέφος
798 2356 977 2400 ψεφεινός
1002 2364 1036 2389 et
1059 2353 1247 2408 ψεφεννός
1269 2355 1374 2387 venit.

84 2404 249 2437 Nemea
273 2405 340 2448 IV,
367 2404 420 2438 31.
479 2403 612 2435 Scholl.
647 2403 756 2446 Soph.
790 2403 844 2435 El.
883 2403 990 2436 1026:
1033 2397 1282 2447 ἕπηρεαζοντοὶ
1313 2412 1349 2433 τι
1380 2398 1443 2432 καὶ

175 2451 316 2484 παθεῖν
331 2431 470 2483 ἔοικεν.

84 2494 248 2527 Nemea
269 2495 337 2537 IV,
361 2495 418 2529 89.
465 2492 774 2526 Rauchensteinius
799 2504 831 2536 p.
860 2492 910 2525 18.
936 2489 1099 2527 αείσεται
1121 2489 1222 2534 τόθι,
1246 2491 1327 2524 παῖ.
1372 2490 1446 2522 Fu-

176 2545 256 2572 turo
280 2523 397 2573 nullus
421 2540 479 2572 hie
503 2540 615 2572 locus.

86 2583 252 2618 Nemea
276 2584 418 2622 v1,54.
465 2587 516 2617 De
540 2585 653 2616 forma
675 2580 765 2622 οἷόος
789 2583 923 2615 Ahrens
949 2595 984 2626 p.
1007 2583 1086 2616 238-

86 2629 248 2663 Nemea
271 2630 357 2669 VII,
380 2631 436 2664 28.
483 2629 652 2673 ΙνῙενέλᾳ,
676 2635 715 2661 ut
735 2625 830 2674 Ἰόλᾳ
853 2629 914 2673 111,
938 2629 1009 2670 36„
1033 2625 1248 2674 Πρωτεσίλα
1270 2625 1390 2658 Isthm.
1419 2626 1447 2666 1,

178 2674 248 2717 58.,
270 2675 385 2719 tetigit
405 2676 541 2709 Ahrens
564 2688 599 2718 p.
615 2655 703 2708 2'26.
