1794 2982
324 127 377 166 96
729 125 870 165 nm
883 124 958 165 10
973 102 1191 168 NIKAI
1221 123 1281 168 B'.

1049 274 1052 277 .
1513 232 1607 281 Ἐπ.
1657 234 1680 280 ’.

358 306 421 350 65
457 299 511 347 τὰ
532 301 610 360 μὲν
641 299 686 345 ἐν
724 297 1009 345 ἱπποσόαισιν
1037 297 1243 360 ἄνδρεσσι
1261 298 1552 361 μαρνάμενον,
1571 254 1684 349 τάγδ

642 366 688 412 ἐν
713 364 1020 426 πεζομάχαισι·
1057 368 1218 428 βουλαὶ
1235 369 1282 414 δὲ
1304 367 1598 431 πρεσβύτεραι
1620 379 1684 412 120

458 432 698 481 α’κίνδυνον
731 433 825 493 ἐμοὶ
860 433 963 491 ἔπος
995 436 1094 481 ποτὶ
1129 436 1178 481 σὲ
1211 434 1354 482 πάντα
1387 434 1521 498 λόγον

458 503 646 549 ἐπαινεῖν
672 501 915 562 παρέχοντι.
959 508 1093 563 χαῖρε.
1137 502 1237 549 τόδε
1266 503 1344 563 μὲν
1368 501 1478 550 κατὰ
1503 502 1684 551 Φοίνισ-

995 581 1079 616 σαν
1113 569 1306 630 ἐμπολὰν
1620 580 1685 614 125

456 638 587 699 μέλος
621 635 734 698 ὑπὲρ
769 639 929 693 πολιᾶς
963 634 1072 694 ἁλὸς
1104 638 1335 698 πέμπεται·

457 705 508 752 τὸ
545 706 820 765 Καστόρειον
854 702 893 750 6⁹
928 703 973 750 ἐν
1006 706 1254 753 Αἰολίδεσσι
1287 709 1467 767 χορδαῖς
1501 704 1611 753 ἑκών

358 775 422 819 70
460 771 665 836 ἄθρησον
697 771 824 833 χάριν
859 770 1144 820 ἑπτακτύπου
1682 825 1685 827 .

457 840 704 902 φόρμιγγος
732 838 977 898 άντόμενος.
1622 850 1686 882 130

459 907 592 969 γένοι’
628 905 721 964 οἶος
755 907 849 953 ἐσσὶ
882 906 1060 965 μαθών·
1108 909 1243 965 καλός
1285 927 1350 955 τοι
1386 910 1534 956 πίθων
1567 906 1687 968 παρὰ

1000 976 1172 1032 παισίν,
1209 976 1291 1022 αἰεὶ

1499 1092 1565 1134 Στ
1633 1087 1684 1134 6'.

458 1156 604 1213 καλός.
641 1152 667 1201 ὃ
686 1155 732 1201 ὁε
760 1152 1071 1214 Ραδάμανῧυς
1092 1147 1144 1201 εὖ
1163 1155 1394 1217 πέπραγεν,
1423 1153 1492 1201 ὅτι
1513 1106 1687 1217 φρῗενῶν

457 1226 578 1285 ἔλαχε
621 1219 793 1283 καρπὸν
836 1219 1093 1284 αμώμητον,
1142 1221 1241 1270 οὐδ’
1285 1221 1492 1269 ἀπάταισι
1534 1220 1688 1283 θυμὸν

995 1290 1193 1350 τέρπεται
1221 1290 1402 1337 ἔνδοθεν
1418 1306 1427 1317 ·
1622 1300 1686 1334 135

360 1367 422 1411 75
459 1357 531 1407 οἷα
564 1358 778 1421 ψιθύρων
811 1358 1034 1420 παλάμαις
1067 1356 1176 1405 ἕπετ’
1210 1359 1293 1404 αιέὶ
1326 1361 1481 1424 βροτῷ.

457 1427 625 1489 ἄμαχον
644 1425 783 1473 κακὸν
795 1426 1060 1488 ἀμφοτέροις
1074 1429 1302 1487 διαβολιᾶν
1313 1424 1606 1488 ὑποφαύτιες,
1622 1436 1686 1470 140

457 1494 608 1558 ὀργαῖς
644 1493 788 1552 άτενὲς
823 1494 1061 1542 ἀλωπέκων
1092 1495 1240 1541 ἴκελοι.

367 1607 398 1628 v.
421 1596 474 1630 65.
499 1591 656 1648 οἷνδράσι
693 1613 735 1618 -
769 1605 800 1627 v·
821 1595 875 1628 66.
902 1594 989 1628 ποτί
1015 1592 1062 1638 9oe
1084 1590 1210 1627 πάντα
1233 1611 1278 1618 -
1310 1605 1341 1625 v.
1362 1593 1415 1626 69.
1439 1592 1592 1646 χορδαῖς
1615 1591 1686 1627 θέ-

322 1641 579 1732 ἐωνΒ-κιεζὲέΐι
598 1637 820 1684 οἷμωμήτων,
837 1659 881 1663 -
906 1652 936 1673 ν.
956 1640 1011 1674 75.
1037 1639 1190 1684 βροτῶν.
1211 1658 1253 1663 ——
1279 1651 1312 1671 v.
1332 1638 1386 1672 76.
1406 1635 1684 1682 υποφάτιες,-

381 1792 448 1860 Iv.
473 1779 529 1813 65.
577 1776 786 1825 [ἅνδρεσσι,
808 1781 849 1813 ut
871 1779 979 1824 Pyth.
1002 1779 1043 1821 V,
1068 1777 1145 1821 64„
1170 1779 1278 1812 metri
1300 1777 1421 1824 gratia
1444 1778 1683 1812 Hermannus.

411 1826 447 1905 vi
472 1869 529 1903 66.
577 1871 606 1903 ἲ
608 1871 692 1915 ulgo
716 1869 805 1903 ποτί
821 1869 866 1916 ῥα
884 1867 1021 1905 πάντα.
1055 1869 1205 1903 Codices
1222 1868 1384 1912 plerique
1401 1872 1435 1902 et
1455 1869 1581 1912 optimi
1598 1868 1685 1904 ποτὶ

322 1915 467 1958 πάντα,
492 1927 597 1968 quam
623 1916 838 1959 scripturam
863 1915 1068 1948 Boeckhius
1091 1915 1376 1958 antiquissimam
1398 1914 1534 1948 iudicat
1555 1914 1684 1948 lectio-

321 1974 427 2005 num,
455 1972 551 2017 quae
575 1961 611 1994 in
635 1961 817 1994 codicibus
841 1961 1025 2014 feruntur3
1050 1964 1104 1994 est
1128 1961 1223 1994 enim
1248 1960 1282 1993 in
1307 1960 1388 1994 aliis
1411 1960 1497 1994 ποτὶ
1522 1957 1685 2002 ἅπαντα,

321 2022 407 2043 ποτι
434 2004 464 2052 9
489 2005 639 2041 ἅπαντα
663 2011 724 2040 aut
747 2008 834 2041 ποτί
859 2007 905 2051 ῥα
931 2005 1068 2040 πάντα.
1115 2007 1188 2040 Sed
1220 2005 1400 2050 particula
1433 2003 1480 2051 ῥά
1503 2004 1538 2038 ἰιι
1563 2006 1684 2040 media

320 2053 496 2087 sententia
519 2054 639 2086 locum
661 2064 730 2085 non
754 2053 877 2086 habet.
923 2051 1076 2085 Inseruit
1098 2051 1208 2097 igitur
1231 2051 1450 2108 Boeckhius'
1462 2049 1520 2093 σέ,
1544 2051 1589 2084 de
1613 2061 1684 2094 quo

321 2099 404 2133 vide
415 2098 696 2142 quacdiximus
687 2110 722 2131 in
733 2097 1012 2132 Commentario.
1040 2079 1285 2150 [Bergkiusos
1302 2096 1388 2131 ποτὶ
1399 2094 1536 2131 πάντα.
1563 2096 1683 2152 SCH.]

411 2157 446 2178 v.
473 2144 527 2176 61).
576 2145 604 2175 ἱ
607 2145 694 2188 ulgo
711 2145 861 2188 χορδαῖς
875 2143 1007 2177 θέλων.
1033 2142 1240 2177 Boeckhius
1257 2155 1301 2176 ex
1317 2140 1591 2176 emendatione
1578 2140 1685 2184 εκτόν,

321 2190 567 2224 addicentibus
592 2189 763 2231 scholiis,
789 2193 827 2223 ut
850 2190 1004 2223 videtur.
1050 2189 1180 2222 Censet
1203 2188 1298 2222 enim
1323 2188 1517 2222 Pindarum
1541 2187 1684 2231 epicam

321 2236 517 2269 dialectum
540 2239 727 2278 sequutum
752 2246 894 2279 semper
919 2233 1061 2269 ἐθέλειν
1086 2234 1240 2276 dixisse,
1265 2244 1446 2277 nunquam
1470 2232 1613 2275 θέλειν,
1637 2233 1682 2266 de

322 2291 392 2324 qua
415 2292 454 2313 re
480 2280 563 2313 vide
588 2280 854 2314 annotationem
879 2280 1042 2314 criticam
1066 2280 1144 2313 eius
1168 2279 1214 2313 ad
1231 2261 1342 2324 '1³yth.
1363 2280 1392 2321 Ι,
1417 2277 1472 2312 62.
1519 2278 1598 2312 Non
1623 2288 1683 2311 as-

321 2325 471 2359 sentitur
493 2326 733 2368 Hermannus‚
759 2326 860 2358 cuius
884 2326 1056 2359 iudicium
1081 2325 1178 2358 disce
1203 2336 1247 2358 ex
1271 2325 1335 2367 iis,
1370 2335 1462 2368 quae
1484 2324 1520 2357 in
1545 2322 1682 2368 Heynii

320 2371 475 2405 editione
501 2370 696 2404 novissima
721 2372 767 2404 ad
790 2372 892 2405 Nem.
920 2372 962 2404 X.
990 2372 1052 2404 fin.
1077 2370 1230 2413 scripsit.

411 2415 504 2450 v.72
520 2427 595 2459 seq.
629 2416 740 2455 καλός
763 2429 821 2450 τοι
845 2418 972 2450 πίθων
987 2414 1088 2460 παρὰ
1105 2416 1245 2458 παισίν,
1272 2414 1343 2448 αἰεὶ
1361 2412 1483 2453 καλός.
1509 2414 1612 2447 Haec
1626 2413 1681 2446 le-

321 2462 391 2497 ctio
422 2463 501 2495 sola
537 2461 787 2495 auctoritatem
818 2462 940 2495 habet.
990 2462 1097 2505 [Cum
1121 2471 1191 2493 uno
1216 2459 1338 2493 codice
1362 2458 1568 2492 Boeckhius
1592 2458 1681 2493 olim

320 2507 546 2553 corrigebat:
571 2506 719 2549 μαθών,
746 2505 856 2546 καλός
877 2517 952 2543 τις·
978 2508 1104 2540 πίθων
1127 2505 1230 2561 παρὰ·
1253 2504 1381 2538 παισὶν
1401 2505 1485 2539 αἰεί.
1533 2505 1606 2539 Sed
1622 2515 1681 2537 re-

321 2558 375 2588 cte
399 2557 524 2597 postea
547 2551 694 2596 sprevit.
742 2553 796 2585 De
820 2552 972 2595 repetita
998 2562 1085 2585 voce
1109 2551 1239 2593 καλός,
1273 2561 1342 2594 qua
1366 2561 1539 2595 magnam
1564 2549 1681 2583 admi-

319 2599 497 2633 rationem
520 2609 735 2651 puerorum
737 2597 937 2642 significari
956 2601 1056 2641 putat
1081 2616 1124 2621 -—
1148 2608 1217 2642 ego
1236 2596 1380 2630 neniam
1399 2606 1595 2639 puerorum
1602 2605 1680 2651 pu-

318 2649 456 2687 taram,
488 2648 526 2678 ut
549 2643 697 2677 Athenis
724 2643 760 2676 in
770 2624 982 2686 ”parietibus
1014 2643 1155 2677 solebat
1186 2641 1332 2676 inscribi
1357 2641 1499 2684 Καλός,
1524 2638 1637 2680 καλὸς
1657 2653 1677 2674 ο

319 2692 424 2724 δεῖνα
448 2710 490 2715 —-
518 2691 744 2724 Hermannus
768 2689 922 2732 Opuscc.
938 2689 1011 2722 ῐΙΙ.
1027 2700 1061 2732 p.
1077 2687 1156 2720 120.
1182 2687 1312 2721 excitat
1335 2687 1492 2721 Theocr.
1506 2687 1600 2729 VIII,
1619 2684 1678 2720 72.

320 2733 763 2779 Callimach.Epig1-.30.
791 2734 1071 2779 etFpigr.1nc.
1098 2731 1153 2769 14
1201 2733 1324 2776 SCH.]
