1751 2986
1366 155 1412 182 111

47 244 206 288 paretur,
228 241 324 286 quod
337 240 523 276 rarissime
538 241 695 283 factum3
718 242 782 276 sed
805 253 916 287 quum
939 245 1000 278 vel
1014 243 1168 289 simplex
1187 246 1247 280 vel
1265 256 1412 292 compo-

3 343 6 347 ,
47 303 118 338 sita
144 303 190 338 sit
215 302 390 337 sententia
412 314 566 347 summa,
600 304 775 338 victoriae
800 306 880 338 laus
904 307 1115 350 plerumque
1138 317 1223 350 pars
1247 312 1301 342 est
1324 308 1412 351 eius,

47 364 219 399 adhibitis
239 364 349 398 etiam
368 365 450 399 aliis
466 366 575 399 rebus
590 366 713 399 multis
733 366 779 400 ad
796 366 1030 401 fundamenta
1046 368 1294 412 Epiniciorum
1310 381 1411 404 com-

46 426 223 471 ponenda.
268 427 371 470 Quae
396 426 540 470 quidem
563 438 621 461 res
637 428 774 470 quales
797 428 879 470 sint,
901 439 985 462 mox
1010 429 1234 471 videbimus;
1266 431 1411 466 interim

45 487 136 522 illud
159 491 268 532 patet,
291 488 381 522 talia
404 488 536 532 ubique
561 488 648 534 eligi
673 489 851 529 debuisse,
878 500 971 532 quae
996 501 1076 524 cum
1103 492 1278 526 victoriae
1302 494 1410 527 laude

45 552 131 593 apte
163 549 293 583 sociari
324 554 359 584 et
391 550 540 584 conflari
574 551 754 594 potuerint
784 552 819 585 in
842 561 951 584 unam
983 552 1162 595 poeticam
1186 555 1409 589 sententiam.

45 609 167 654 Quare
191 610 302 645 etiam
325 611 378 644 sic
402 622 424 644 a
446 611 620 645 victoriae
643 613 751 646 laude
775 617 944 656 tanquam
981 623 1003 646 a
1027 614 1204 658 principio
1229 616 1411 659 proficisci

8 692 16 695 -
45 672 154 706 debet
176 672 372 716 disputatio
395 676 528 706 nostra.
564 673 611 706 Ut
635 673 746 718 igitur
770 675 815 708 ad
840 675 934 708 hauc
959 677 1067 720 paulo
1086 677 1234 720 propius
1256 678 1408 712 acceda-

2 743 136 801 9111113,
161 738 379 778 possunt,
403 733 484 776 aio,
518 734 751 768 victoriae
774 735 992 770 ludicrae
1025 737 1207 770 omnino
1232 739 1409 772 duobus

44 794 193 829 modis
229 794 439 837 laudari,
473 794 706 838 siquidem
732 798 808 830 vel
832 797 1001 838 virtus,
1029 792 1192 842 ἀρετή,
1219 801 1407 842 praedi-

44 857 143 890 cari
167 860 340 900 potest,
364 866 476 900 quae
501 855 753 890 victoriam
778 858 1072 901 reportavit,
1099 860 1174 892 vel
1199 860 1341 893 decus
1365 865 1410 895 et

41 917 263 952 felicitas
288 928 369 961 per
391 917 652 952 victoriam
679 929 702 951 a
725 918 816 953 diis
840 920 1022 961 donata,
1048 915 1253 963 εὐτυχία,
1279 933 1408 964 quum

41 977 168 1012 nihil
191 978 453 1024 gloriosius
477 984 523 1014 et
546 979 741 1014 felicius
775 981 1039 1014 haberetur
1065 992 1196 1024 quam
1223 982 1407 1016 vicisse

41 1039 86 1074 in
119 1040 243 1074 ludis
273 1040 501 1084 publicis3
533 1044 642 1084 atque
672 1042 764 1075 haec
797 1041 1002 1075 observatio
1034 1042 1187 1086 simplex
1220 1044 1318 1077 viam
1342 1055 1407 1078 no-

41 1100 97 1134 bis
121 1101 316 1146 patefaciet
350 1102 398 1136 ad
420 1102 579 1136 omnium
601 1102 849 1147 Epiniciorum
883 1103 1120 1138 fundamenta
1146 1105 1298 1148 penitius
1323 1117 1405 1149 per-

37 1162 235 1208 spicienda.

130 1225 300 1259 Dicemus
324 1225 481 1269 primum
505 1226 550 1260 de
573 1226 759 1260 virtute.
797 1228 861 1260 Est
885 1227 978 1260 haec
997 1224 1133 1272 οἷνδρία
1150 1227 1309 1261 victoris.
1343 1228 1407 1262 At-

39 1296 109 1330 que
132 1280 293 1331 ἆνδρίαν
318 1298 384 1330 pro
404 1289 565 1321 themate
585 1288 668 1331 poni
693 1299 757 1331 par
783 1292 837 1321 est
853 1288 1012 1321 maxime
1036 1288 1069 1321 in
1086 1290 1312 1331 luctatorum,
1337 1301 1404 1334 pu-

38 1347 168 1392 gilum,
186 1347 526 1391 pancratiastarum‚
550 1349 874 1392 quinquertionum,
894 1360 1081 1382 cursorum
1103 1355 1325 1383 armatorum
1349 1351 1405 1385 vi-

0 1397 1 1441 ]
37 1408 180 1451 storiis,
212 1419 364 1452 quorum
389 1410 588 1444 certamina
609 1409 750 1443 roboris
787 1414 822 1443 et
846 1409 1060 1443 fortitudinis
1086 1411 1269 1445 luculenta
1293 1413 1404 1445 docu-

0 1526 5 1805 Ι

0 1807 7 2064 ἱ

0 1455 12 1511 J.
36 1474 161 1504 menta
174 1473 264 1511 sunt,
287 1469 391 1512 idque
411 1471 547 1504 factum
567 1471 603 1504 in
626 1470 684 1503 his
708 1470 937 1511 carminibus,
957 1471 1205 1504 01.v111.1x.
1227 1474 1286 1505 xl.
1306 1474 1402 1507 xm.

37 1532 147 1576 Pyth.
170 1531 263 1564 vul.
282 1531 343 1565 lx.
369 1531 472 1565 Nem.
488 1532 534 1565 11.
558 1531 619 1564 111.
643 1531 701 1564 IV.
726 1532 764 1563 V.
787 1532 843 1564 vl.
869 1532 942 1564 vu.
967 1532 1008 1564 X.
1035 1533 1160 1566 Isthm.
1182 1534 1239 1566 lv.
1259 1534 1298 1566 V.
1315 1535 1403 1578 vll„

37 1604 193 1638 quorum
216 1592 375 1626 omnium
398 1592 630 1627 fundamenta
662 1596 735 1626 tota
762 1596 825 1626 aut
848 1603 890 1625 ex
917 1597 1017 1636 parte
1051 1592 1271 1628 fortitudinis
1296 1596 1403 1630 laude

34 1655 271 1689 continentur.
325 1655 440 1697 Atque
464 1655 574 1688 etiam
597 1653 798 1697 simplicem
833 1665 975 1687 cursum
1001 1655 1072 1688 huc
1096 1656 1251 1689 relatum
1274 1656 1404 1691 videas

35 1717 145 1762 Pyth.
158 1716 222 1750 xl.
244 1721 280 1750 et
294 1716 396 1750 Nem.
409 1716 502 1749 vlu.
535 1716 608 1751 Sed
633 1717 776 1750 curules
795 1727 860 1760 per
878 1717 1047 1761 aurigam
1061 1722 1269 1761 reportatae
1286 1719 1403 1753 victo-

34 1778 114 1812 riae
145 1779 192 1812 ab
218 1778 399 1812 hocloco
424 1777 566 1811 alienae
596 1781 697 1817 sunt3
729 1777 781 1811 sin
814 1777 890 1821 ipse
926 1778 1043 1812 victor
1077 1790 1142 1812 sua
1175 1789 1284 1812 manu
1310 1780 1403 1814 rexit

34 1850 202 1881 currum,
233 1839 375 1873 laudari
402 1843 518 1883 potest
539 1836 695 1883 ἀνδρία,
733 1843 772 1873 ut
796 1839 831 1872 in
856 1840 1040 1874 Herodoto
1064 1841 1241 1874 Thebano
1263 1841 1401 1875 factum

33 1901 164 1936 Isthm.
182 1901 224 1942 L,
248 1901 308 1944 qni
325 1900 538 1944 saepissime
555 1904 759 1934 certaverat
776 1905 811 1934 et
825 1901 972 1942 vicerat,
996 1905 1032 1935 et
1050 1901 1085 1934 in
1103 1903 1239 1947 Agesia
1260 1903 1402 1937 Iamida

31 1962 94 1997 ol.
112 1963 184 2006 vl„
207 1962 268 2006 qni
292 1973 401 2006 quum
417 1962 528 1995 etiam
548 1961 707 1995 bellator
725 1961 874 2005 insignis
904 1966 1008 2003 esset,
1034 1963 1221 1996 commode
1239 1963 1344 1997 fortis
1366 1968 1401 1998 et

30 2021 198 2058 'strenuus
221 2023 293 2058 viri
315 2023 454 2057 animus
477 2023 692 2061 celebratur,
715 2034 784 2056 non
812 2023 1052 2056 reformidans
1078 2023 1221 2055 labores
1244 2027 1279 2056 et
1303 2025 1401 2066 peri—

32 2087 129 2121 cula.
172 2085 382 2120 Videbimus
405 2085 503 2118 enim
527 2084 638 2118 etiam
662 2089 790 2127 postea
813 2095 894 2117 cum
911 2084 1052 2117 ludicra
1078 2083 1205 2117 virtute
1229 2085 1400 2119 bellicam

32 2147 170 2192 passim
193 2146 365 2191 coniungi
387 2145 578 2180 commode
601 2144 636 2178 in
661 2156 782 2177 unum.
816 2145 1005 2177 Postremo
1023 2146 1217 2178 notandum
1242 2150 1295 2180 est
1319 2157 1400 2180 car—

32 2219 116 2243 men
129 2209 236 2253 Pyth.
246 2209 318 2250 vl„
342 2207 405 2241 ubi
420 2210 541 2251 poeta,
564 2217 672 2249 quum
687 2205 943 2249 Thrasybulus
961 2206 1171 2240 adolescens
1187 2207 1318 2252 auriga
1333 2218 1399 2251 pro

30 2274 138 2316 petre
153 2271 357 2304 Xenocrate
376 2268 536 2308 vicisset,
559 2267 720 2301 suaviter
739 2266 911 2310 pietatem
936 2267 1004 2301 filii
1027 2268 1188 2302 celebrat
1212 2279 1278 2312 pro
1295 2272 1400 2312 patre

26 2328 217 2372 hertanfis,
239 2331 334 2374 quod
362 2329 440 2364 illic
463 2328 623 2373 pulcrius
645 2339 723 2362 esse
748 2328 857 2362 sentis
878 2328 1096 2362 fortitudinis
1118 2330 1237 2363 laude.
1285 2331 1399 2374 Atque

30 2391 85 2427 ‘tu
108 2391 211 2426 vides
235 2392 330 2436 quod
353 2391 440 2433 dixi,
462 2401 568 2435 posse
591 2389 749 2434 primum
771 2390 903 2423 harum
920 2390 1156 2424 victoriarum
1178 2392 1326 2424 laudem
1345 2391 1398 2424 sic

6 2463 9 2489 ῑ
32 2453 204 2493 Μαίη-ζ·
219 2457 258 2487 ut
280 2453 398 2488 virtus
421 2456 571 2486 canatur
593 2451 733 2494 victrix,
757 2462 848 2494 quae
873 2450 951 2484 fere
972 2449 1109 2496 ἀνδρία
1130 2457 1193 2495 est,
1217 2453 1284 2486 nisi
1303 2453 1396 2497 quod

31 2514 140 2560 ryth.
151 2515 209 2548 vl.
222 2515 268 2547 ob
284 2514 481 2549 indicatam
493 2524 639 2548 causam
657 2512 773 2557 pietas
791 2512 992 2553 substituta,
1005 2518 1038 2546 et
1055 2514 1129 2547 alia
1145 2515 1238 2548 ratio
1249 2515 1394 2559 PythJ.

28 2576 312 2620 deprehenditur
356 2586 443 2609 mox
484 2575 710 2619 explicanda.
767 2574 838 2609 Sed
869 2584 953 2607 raro
986 2579 1105 2610 temen
1144 2577 1249 2610 unius
1290 2576 1397 2609 huius

8 2637 176 2688 gnirtutie
198 2638 306 2672 laude
328 2641 445 2672 totum
469 2647 615 2671 carmen
639 2640 847 2680 occupatur,
873 2639 911 2669 ut
922 2637 1061 2670 factum
1079 2637 1134 2672 01.
1150 2639 1211 2672 lx.
1226 2638 1328 2671 Nem.
1349 2637 1394 2670 11.

8 2695 70 2815 ΓΕ
90 2699 215 2732 Isthm.
238 2700 281 2732 V.
338 2699 381 2732 In
403 2697 563 2732 carmine
594 2697 715 2741 priore
746 2699 1012 2742 Epharmostus
1043 2701 1211 2734 laudatur
1243 2701 1396 2733 luctator

9 2784 36 2986 ιῑ
