1751 2986
285 205 367 250 lum
408 208 530 249 Ruti.
568 208 1015 248 Rauchensteinii
1054 210 1250 259 Argoviae
1287 224 1414 263 nuper
1449 213 1638 253 emissum

283 292 361 319 non
398 279 526 317 fuisse
565 278 614 316 ad
650 291 808 317 manum
851 282 913 316 est
948 280 1055 329 quod
1089 281 1270 319 doleam:
1310 281 1552 333 singulorum
1582 283 1640 321 lo-

283 361 419 388 corum
464 347 759 386 observationes
808 347 957 397 passim
996 354 1323 388 commemoratas
1358 351 1396 388 in
1434 351 1642 391 Addendis

281 418 486 471 proposui.

387 487 538 532 Habes,
568 486 615 525 A.
644 483 902 530 Boeckhi‚
945 486 1121 524 rationes
1150 500 1294 538 operae
1323 500 1438 527 meae
1465 489 1640 528 breviter

280 557 514 607 descriptas.
580 555 690 603 Quae
734 554 767 591 si
791 552 884 590 Tibi
912 552 1067 603 Tuique
1096 554 1288 594 similibus
1318 556 1531 607 philologis
1559 570 1639 597 non

277 625 582 678 improbabitur,
611 627 653 661 et
681 622 940 661 vehementer
967 622 1144 661 laetabor
1173 628 1214 662 et
1239 624 1382 663 faciam
1411 626 1564 671 sedulo,
1593 631 1640 665 ut

277 695 472 734 absolutis
512 692 804 731 commentariis
842 691 1040 730 Martialis
1070 692 1190 731 alacri
1217 695 1344 733 animo
1373 694 1541 734 aiterum
1568 707 1638 734 vo-

277 765 408 803 lumen
436 763 668 814 aggrediar,
711 761 962 813 periculosae
990 762 1148 812 plenum
1180 775 1279 814 opus
1307 763 1430 801 aleae.
1484 762 1547 801 Tu
1576 763 1637 802 in-

276 833 391 871 terim
421 832 513 870 Tibi
541 831 594 869 ita
622 831 847 883 persuade,
876 830 971 870 Vir
1000 831 1222 879 Summe,
1264 832 1363 870 haec
1392 832 1441 870 ad
1470 831 1531 871 Te
1558 845 1637 873 non

274 901 369 940 ideo
396 914 460 940 me
489 901 713 952 scripsisse,
743 901 833 952 quia
859 900 1068 939 Dissenius
1091 900 1202 939 Tuus
1225 900 1318 938 Tibi
1346 901 1521 952 priorem
1551 902 1635 940 edi-

273 971 422 1010 tionem
450 970 692 1018 dedicasset,
722 971 794 1008 sed
823 971 875 1008 ita
904 970 1055 1017 sentio,
1094 982 1355 1020 quaecunque
1385 970 1435 1008 de
1464 969 1634 1009 Pindaro

271 1041 346 1079 hac
374 1043 506 1078 aetate
534 1040 723 1086 edantur,
766 1053 813 1078 ea
850 1038 1019 1089 quodam
1060 1039 1145 1076 iure
1173 1039 1221 1076 ad
1250 1038 1328 1075 Tui
1356 1039 1524 1077 nominis
1553 1039 1634 1077 cla-

270 1121 403 1148 rorem
440 1108 591 1160 alligari
629 1109 779 1147 debere
821 1120 895 1146 nec
934 1108 1144 1157 cuiquam,
1183 1107 1252 1157 qui
1279 1106 1366 1145 Tua
1395 1108 1634 1147 immortalia

269 1179 412 1217 merita
431 1177 483 1216 de
503 1177 676 1216 Pindaro
699 1178 828 1228 deque
848 1177 1040 1215 universis
1063 1177 1204 1214 studiis
1234 1176 1475 1226 antiquitatis
1497 1182 1632 1216 mente

269 1249 480 1298 animoque
519 1246 889 1297 comprehenderit,
929 1246 1256 1284 committendum
1295 1259 1410 1293 esse,
1455 1250 1499 1284 ut
1536 1258 1632 1296 erga

268 1315 330 1354 Te
365 1317 495 1354 minus
532 1321 669 1366 gratus
698 1315 824 1353 fuisse
853 1314 1047 1356 videatur.
1116 1315 1270 1365 Quodsi
1298 1314 1361 1353 Tu
1390 1315 1520 1366 opella
1543 1327 1631 1354 mea

266 1385 441 1424 Dissenii
470 1383 627 1429 nostri,
666 1384 779 1421 cuius
810 1395 941 1420 caram
970 1383 1177 1434 imaginem
1207 1385 1245 1421 in
1275 1389 1440 1435 pectore
1468 1385 1629 1423 infixam

266 1467 387 1505 gero,
435 1453 653 1491 memoriae
698 1463 777 1490 non
819 1451 995 1502 pessime
1034 1453 1256 1490 consultum
1296 1454 1532 1491 indicaveris
1575 1453 1629 1490 li-

265 1524 461 1573 brumque
488 1521 690 1560 redditum
720 1533 812 1558 esse
840 1520 1037 1570 aliquanto
1066 1520 1283 1569 utiliorem,
1313 1526 1503 1573 suscepto
1531 1535 1627 1561 mu-

264 1592 350 1632 neri
379 1591 579 1630 cumulate
608 1589 854 1628 satisfecisse
882 1589 1060 1627 videbor.

371 1660 486 1709 Vale,
515 1658 588 1699 Vir
616 1658 793 1706 Summe,
823 1658 1012 1708 mihique,
1043 1661 1085 1697 ut
1112 1657 1228 1706 sacis,
1258 1658 1394 1697 favere
1422 1672 1558 1711 perge.

263 1765 492 1805 Scribebam
523 1762 738 1813 Gottingae
766 1761 832 1800 die
861 1760 966 1801 XVI.
995 1761 1145 1801 mensis
1167 1760 1266 1800 Iunii
1294 1761 1622 1802 MDCCCXLIIl.
