1794 2982
287 104 367 146 134
683 98 1150 143 ΠΤΘΙΟΝΙΚΑΙ
1181 100 1250 140 Ε.

325 215 390 261 80
427 213 623 268 Καρνεῖα

315 289 399 332 (75)
426 277 472 324 ἐν
508 276 622 322 δαιτὶ
655 273 894 335 σεβίζομεν,

427 341 646 404 Κυράνας
679 340 966 404 ἀγακτιμέναν
998 341 1150 389 πόλιν·

425 411 564 471 ἔχοντι
597 408 676 456 τάν
710 408 1009 471 χαλκοχάρμαι
1044 407 1159 465 ξένοι

433 475 902 540 ΤρῶεςἈντανορίδαι.
939 474 1187 540 σὺνἙλένᾳ
1209 472 1293 536 γὰρ
1312 472 1466 535 μόλον,
1478 486 1656 520 καπνω-

973 549 1130 591 θεῖσαν
1148 541 1319 604 πάτραν
1346 541 1436 588 ἐπεὶ
1460 541 1558 587 ἴδον
1592 549 1657 582 110

329 660 392 706 85
427 656 472 704 ἐν
493 654 625 717 ’Ἄρεα
661 653 712 703 τὸ
742 653 782 702 δ’
802 655 1046 704 ἐλάσιππον
1063 657 1193 713 ε’θνος
1213 652 1428 710 ἐνδυκέως
1492 650 1586 698 Ἐπ.
1606 649 1658 713 γ’.

319 734 403 778 (80)
428 724 629 793 δέκονται
661 723 896 771 θυσίαισιν
932 722 1087 808 άνδρες
1120 720 1359 784 οιχνέοντές
1393 732 1481 781 σφε
1514 722 1660 778 δωρο-

975 791 1125 853 φόροι,
1596 795 1661 829 115

425 857 534 916 τούς
569 856 869 921 Ἀριστοτέλης
904 856 1053 922 ἄγαγε,
1089 857 1224 906 ναυσὶ
1256 858 1391 911 θοαῖς

432 925 544 984 ἁλὸς
576 930 763 988 βαθεῖαν
798 926 1016 974 κέλευθον
1050 925 1249 987 ἀνοίγων.

429 995 577 1040 κτίσεν
611 991 650 1039 δ’
684 991 820 1039 ἄλσεα
854 994 1030 1053 μείζονα
1064 997 1201 1050 θεῶν,
1598 1000 1663 1035 129

332 1064 397 1110 90
433 1059 690 1120 εὐθύτομόν
723 1079 766 1106 τε
801 1060 1047 1125 κατέθηκεν
1078 1059 1388 1116 Ἀπολλωνίαις

324 1136 408 1181 (85)
433 1126 759 1188 άλεξιμβρότοις
792 1127 979 1175 πεδιάδα
1011 1133 1208 1190 πομπαῖς

433 1195 562 1257 ε’μμεν
595 1193 867 1256 ἱππόκροτον

433 1260 666 1325 σκυρωταν
700 1260 832 1322 ὁδόν,
874 1263 983 1310 ε’νθα
1016 1266 1235 1322 πρυμνοῖς
1271 1257 1437 1322 άγορας
1469 1255 1539 1303 επι
1566 1254 1667 1316 δίχα

980 1334 1116 1376 κεῖται
1148 1328 1317 1377 θανών.
1600 1331 1665 1366 125

433 1441 581 1505 μάκαρ
614 1443 692 1504 μὲν
725 1440 905 1502 ἀνδρῶν
939 1441 1045 1503 μέτα
1483 1446 1591 1505 Στρ.
1613 1441 1667 1490 δ’.

333 1513 399 1559 95
435 1510 596 1568 ἔναιεν,
634 1508 755 1573 ἥρως
789 1508 828 1556 δ’
861 1509 1005 1556 ἔπειτα
1038 1508 1267 1573 λαοσεβής.

322 1586 406 1631 (90)
432 1575 589 1640 ἄτερθε
622 1580 668 1625 δὲ
698 1575 786 1639 πρὸ
818 1577 1029 1638 δωμάτων
1051 1578 1187 1639 ἕτεροι
1208 1575 1416 1639 λαχόντες
1436 1575 1567 1625 ιῖΐδαν
1603 1588 1668 1621 130

347 1677 379 1699 v.
405 1666 460 1700 86.
496 1664 679 1710 ἰχνέοντες

391 1807 426 1828 v.
462 1793 507 1828 98
531 1805 629 1838 seqq.
679 1793 831 1838 [Heynii
865 1794 1046 1837 scriptura
1077 1794 1253 1827 librorum
1289 1794 1362 1829 fide
1397 1793 1567 1828 destituta
1605 1796 1672 1828 est.

299 1838 394 1873 Nam
417 1837 546 1882 ν’μνων
570 1839 775 1873 coniectura
799 1844 851 1873 est
875 1851 940 1883 pro
965 1839 1109 1882 κώμων.
1143 1841 1237 1873 Τιιιιι
1255 1839 1341 1873 libri
1358 1839 1435 1873 fere
1457 1851 1537 1872 cum
1555 1839 1673 1873 Scho-

301 1885 360 1920 liis
377 1886 538 1928 μεγαλᾶν
555 1882 588 1919 δ
599 1882 735 1937 ᾅρετᾶν
754 1885 958 1929 ῥανθεισᾶν
981 1886 1040 1918 vel
1059 1883 1219 1927 μεγάλαν
1237 1881 1268 1918 δ’
1288 1885 1424 1940 α’ρετὰν
1444 1884 1672 1938 ῥανθεῖσαν,

301 1934 379 1965 tum
394 1929 435 1964 θ’
459 1934 539 1974 post
564 1943 696 1973 κωμων
716 1931 761 1963 ab
780 1931 918 1973 aliquot
932 1930 1036 1963 libris
1054 1931 1175 1970 abest3
1201 1934 1381 1973 postremo
1400 1929 1474 1965 υπὸ
1495 1928 1674 1973 χεύμασιν

301 1977 423 2029 plures
441 1975 537 2010 libri.
571 1976 639 2009 His
658 1976 784 2009 ductus
799 1976 1005 2009 Boeckhius
1020 1986 1149 2018 parum
1165 1976 1403 2029 probabiliter
1419 1975 1580 2009 refinxit.
1606 1987 1672 2019 με-

299 2020 394 2065 γάλα
418 2020 451 2056 δ’
475 2018 589 2066 tinet&
614 2022 647 2055 δ.
672 2034 708 2065 μ.
736 2020 918 2067 ῥανθεῖσα
942 2019 1077 2062 κώμων
1101 2019 1176 2054 υπὸ
1202 2020 1379 2064 χεύμασιν
1400 2018 1577 2055 ἀκούοντί
1598 2033 1674 2055 τοι

301 2067 441 2113 χθονία
465 2069 539 2101 κτλ.
585 2067 665 2110 Imp
668 2064 813 2100 robavit
836 2066 1038 2108 Dissenius,
1073 2065 1131 2110 qui
1163 2067 1362 2101 Hermanni
1386 2066 1544 2112 vestigia
1567 2076 1673 2100 secu-

303 2116 359 2146 tus
383 2103 478 2146 hanc
503 2111 724 2167 scripturam
745 2112 1031 2146 commendavit:
1058 2113 1221 2155 μεγαλᾶν
1245 2109 1277 2147 δ’
1302 2111 1438 2167 ἀρετᾶν
1464 2113 1497 2147 δ.
1523 2125 1559 2155 μ.
1580 2111 1674 2157 ῥαν-

301 2159 402 2192 θεῖσι
426 2158 558 2201 κώμων
582 2156 839 2201 υποχεύμασιν
865 2159 943 2200 (vel
966 2157 1084 2201 potius
1105 2156 1179 2192 ύπό
1202 2156 1395 2201 χεύμασιν)
1413 2155 1590 2192 ἀκούοντί
1610 2169 1676 2191 ποι

301 2204 438 2248 χθονίᾳ
463 2206 558 2245 urz„
592 2204 636 2236 de
670 2203 770 2237 cuius
804 2203 1044 2247 explicatione
1067 2203 1151 2237 vide
1177 2204 1496 2237 commentarium.
1542 2203 1675 2236 Verum

301 2250 531 2282 Hermannus
546 2250 678 2282 nuncl.
700 2261 730 2282 c.
755 2248 881 2302 Ρ.152.
907 2261 981 2283 που
1004 2259 1069 2292 pro
1094 2261 1160 2283 ποι
1182 2250 1322 2283 reducit
1345 2249 1494 2293 reliquis
1517 2259 1586 2282 non
1603 2248 1674 2282 im-

302 2295 459 2336 mutatis,
485 2295 555 2328 sic.
582 2293 744 2336 μεγάλαν
771 2292 803 2328 δ’
820 2290 957 2337 ἀρετὰν
976 2295 1033 2334 δρ.
1055 2306 1091 2336 μ.
1115 2292 1335 2329 Ρανθεῖσαν
1360 2294 1505 2338 Κώμων
1523 2291 1563 2328 θ’
1581 2305 1674 2328 υπο-

303 2337 493 2384 χεύμασιν.
531 2340 712 2373 Cohaeret
736 2340 806 2373 hoc
822 2351 903 2373 cum
924 2339 1132 2373 acutissima
1150 2341 1306 2383 quadam
1328 2339 1580 2373 observatione
1596 2349 1675 2372 me-

303 2385 408 2428 trica,
435 2395 544 2429 quam
570 2396 604 2429 p.
624 2384 692 2417 152
710 2397 784 2429 seq.
811 2385 980 2429 explicat.
1016 2385 1117 2418 Unde
1139 2386 1233 2418 haec
1247 2385 1493 2428 decerpimus:
1532 2384 1676 2425 Mirum

303 2436 376 2471 est,
402 2431 491 2476 quod
517 2430 668 2463 omnibus
694 2431 729 2462 in
753 2431 907 2474 strophis
931 2441 1048 2463 versus
1073 2431 1237 2473 septimus
1262 2442 1284 2463 α
1308 2441 1389 2464 voce
1411 2429 1596 2473 trisyllaba
1621 2429 1674 2462 in-

305 2477 399 2521 cipit,
426 2480 666 2521 praeterquam
690 2488 756 2508 uno
781 2476 817 2507 ιἰι
844 2475 1007 2508 Boeckhii
1029 2474 1178 2508 editione
1202 2476 1299 2515 loc-o,-
1324 2476 1448 2508 mirum
1465 2486 1546 2508 vero
1569 2474 1675 2509 etiam

307 2523 416 2565 aliud,
441 2522 483 2555 de
507 2533 571 2565 quo
602 2522 721 2554 statim
745 2521 868 2563 dicam,
893 2521 951 2552 ubi
974 2521 1068 2564 ipsos
1091 2531 1207 2553 versus
1232 2532 1446 2566 apposuero:

513 2579 549 2600 α.
575 2566 710 2606 αἰωνος
731 2547 868 2621 Ἀκρᾶν
878 2565 1075 2618 βαθμίδων
1099 2562 1187 2599 ἄπο.

571 2609 593 2646 ο’
597 2613 700 2655 φθαλ
702 2610 771 2669 μὰς
795 2609 1038 2646 Αἰδοιότατον
1061 2608 1180 2666 γέρας.

516 2659 549 2703 β
575 2625 730 2703 ἄμειψεν
747 2652 809 2691 ''Av
833 2656 1055 2692 κοιλόπεδον
1078 2655 1208 2697 νάπος
