1751 2986
1419 159 1497 187 1511

138 252 356 287 indefinitior
379 252 621 298 praeparatio,
653 262 765 297 quare
789 252 911 287 statim
936 257 1019 297 post
1043 251 1268 297 prooemium
1291 253 1498 297 propiorem

137 313 394 348 nuntiationem
417 327 538 348 rerum
562 314 682 359 ponit,
715 315 792 348 Iovi
815 315 1043 359 Nemeaeque
1074 319 1109 349 et
1132 314 1359 349 Timasarchi
1383 316 1501 348 luctae

139 387 351 410 consecrans
366 387 510 410 carmen
531 377 576 410 ab
595 376 834 410 Aeacidarum
856 377 945 410 urbe
964 376 1119 421 benigne
1137 377 1396 420 recipiendum,
1415 378 1451 409 h.
1467 388 1498 409 e.

137 436 366 471 Timasarchi
393 438 566 472 directam
590 439 736 472 laudem
762 443 796 472 et
820 439 964 472 fabulas
987 439 1227 472 Aeacidarum
1252 438 1286 471 in
1311 438 1408 471 lovis
1428 437 1499 471 Ne-

137 499 255 532 meaei
279 500 455 534 honorem
479 500 652 533 nuntians.
701 500 849 543 Iamque
876 511 976 532 orsus
1001 511 1022 533 a
1047 500 1147 543 pueri
1162 499 1323 533 victoriis
1346 500 1500 533 laudan-

136 559 212 602 dis,
244 571 328 594 mox
361 562 406 595 ad
429 562 592 606 mythica
625 566 836 595 ornamenta
867 561 1024 601 accedit,
1058 562 1120 594 sed
1154 562 1262 604 paulo
1296 564 1375 604 post
1408 562 1500 594 haec

135 621 318 665 abrumpit
341 626 377 656 et
400 623 590 667 interponit
613 623 868 656 refutationem
893 624 1190 666 reprehensorum
1228 634 1392 664 suorum,
1424 627 1500 656 tum

137 694 306 717 reversus
329 685 375 717 ad
398 684 637 718 Aeacidarum
663 684 810 724 laudeS,
843 685 910 717 has
935 686 1006 717 alio
1032 684 1137 716 modo
1170 684 1350 717 continuat
1375 688 1410 717 et
1435 685 1501 717 ab-

136 746 256 779 solvit.
303 746 490 780 Postremo
515 747 561 779 ad
586 746 744 779 ludicras
772 756 830 778 res
854 745 946 778 redit
969 745 1157 790 gentisque
1187 745 1294 778 laude
1320 745 1503 788 proposita

137 807 367 841 'l'imasarchi
399 807 567 841 virtutem
592 808 638 841 ad
663 807 896 840 fundamenta
920 818 985 839 sua
1010 810 1176 847 revocat,
1213 810 1248 839 et
1272 807 1425 839 alterum
1449 808 1502 841 sic

137 869 282 903 conficit
308 870 444 903 orbem.
503 869 621 903 Simul
646 868 761 902 exitus
798 868 905 901 etiam
931 868 1167 912 magnificum
1192 868 1236 900 de
1262 868 1501 902 Aeacidarmn

136 935 244 976 gente
274 932 395 965 locum
424 931 598 976 explicat,
644 930 704 974 qui
735 931 835 963 solus
870 930 1108 973 explicatione
1141 930 1285 974 egebat.
1342 930 1502 973 Denique

138 993 255 1037 posita
279 992 314 1026 in
339 994 459 1027 medio
486 993 646 1026 carmine
673 991 842 1025 refutatio
863 991 1166 1033 adversariorum,
1190 995 1228 1024 ut
1248 1002 1324 1034 par,
1350 992 1383 1024 iu
1404 997 1501 1026 ante-

138 1053 347 1087 cedentibus
378 1054 539 1088 nuntiata
574 1065 642 1087 non
675 1058 772 1094 erat3
810 1054 881 1087 dixi
916 1054 1010 1087 enim
1043 1053 1270 1095 interpositos
1301 1054 1399 1086 locos
1435 1065 1502 1087 non

137 1114 270 1159 ubique
294 1117 569 1160 praeparatione
594 1128 716 1161 egere.
763 1116 835 1149 Sed
858 1116 1046 1149 veniamus
1073 1116 1117 1148 ad
1139 1115 1236 1147 aliud
1255 1125 1411 1148 carmen.
1443 1115 1501 1149 01.

136 1177 198 1211 lx.
224 1177 259 1210 in
284 1178 470 1221 prooemio
489 1178 626 1212 nuntiat
643 1177 840 1222 magnifica
857 1178 963 1211 laude
984 1177 1266 1221 Epharmostum
1285 1187 1323 1209 se
1341 1181 1502 1210 cantatu-

136 1250 216 1272 rum
241 1242 276 1272 et
291 1240 422 1273 urbem
442 1239 609 1283 patriam,
635 1240 735 1272 cuius
753 1241 831 1273 laus
846 1239 992 1272 victoris
1010 1239 1107 1272 laudi
1128 1239 1178 1272 ibi
1195 1238 1367 1272 inservire
1385 1239 1503 1272 debet.

137 1301 184 1334 Et
206 1300 299 1334 haec
324 1302 566 1345 praeparatio.
621 1302 737 1335 Simul
771 1312 856 1334 vero
890 1312 981 1334 nunc
1007 1300 1117 1333 etiam
1150 1300 1372 1333 tractationis
1403 1300 1504 1334 initia

136 1361 174 1395 in
198 1362 385 1406 prooemio
409 1366 500 1397 sunt.
553 1362 700 1405 Iamque
730 1361 886 1405 primum
922 1362 1021 1395 urbis
1055 1362 1200 1396 laudem
1226 1363 1505 1406 continuaturus,

138 1434 221 1457 mox
246 1435 311 1468 per
334 1424 569 1458 aberrationis
586 1423 853 1457 simulationem
872 1424 1064 1467 interponit
1085 1423 1249 1456 fabulam
1271 1424 1315 1457 de
1334 1425 1504 1466 Hercule,

138 1489 214 1520 tum
237 1488 403 1520 reversus
427 1487 473 1518 ad
497 1486 623 1518 urbem
638 1512 646 1526 ,
678 1485 785 1518 huius
819 1486 1000 1529 mythicas
1025 1486 1149 1519 laudes
1180 1489 1385 1528 pertractat.
1432 1487 1504 1520 Po-

138 1550 270 1581 stremo
304 1548 349 1581 ad
381 1548 663 1591 Epharmostum
690 1547 783 1580 redit
814 1547 951 1580 directa
986 1547 1167 1588 oratione,
1209 1547 1317 1580 etiam
1352 1549 1505 1581 alterum

143 1609 269 1642 orbem
295 1609 496 1643 absolvens.
552 1610 605 1642 De
639 1609 845 1642 fabularum
878 1607 1110 1651 dispositione
1142 1608 1351 1642 observabit
1380 1611 1504 1651 lector,

139 1671 379 1715 praemissum
403 1672 498 1715 quod
521 1682 713 1713 summum,
738 1669 904 1705 Herculis
928 1671 1008 1703 dico
1033 1669 1183 1711 facinus,
1208 1674 1246 1704 ut
1260 1671 1417 1706 maxima
1443 1684 1505 1706 ex-

139 1731 268 1766 citetur
291 1731 531 1776 exspectatio,
564 1732 692 1765 deinde
717 1732 819 1775 quasi
854 1743 918 1776 pro
945 1731 1064 1775 prima
1095 1731 1334 1775 explicatione
1371 1733 1415 1767 de
1440 1734 1505 1767 do-

139 1793 290 1827 mestica
306 1793 436 1828 virtute
453 1793 685 1828 Locrensium
705 1793 886 1837 ipsiusque
906 1794 1141 1838 Epharmosti
1160 1796 1348 1838 praeclara
1367 1795 1506 1841 origine

139 1854 223 1898 dici,
246 1859 427 1898 postremo
458 1856 594 1890 directa
618 1855 780 1889 oratione
812 1855 930 1899 ipsam
955 1855 1037 1889 eius
1055 1856 1129 1889 vim
1162 1856 1333 1889 divinitus
1364 1857 1507 1891 insitam

139 1917 300 1951 victoriis
323 1918 490 1962 plurimis
515 1917 748 1961 conspicuam
767 1917 812 1950 ob
833 1919 956 1951 oculos
981 1918 1077 1961 poni.
1126 1918 1245 1962 Pergo
1266 1918 1312 1951 ad
1330 1919 1438 1963 I’yth.
1462 1920 1506 1955 Χ.

139 1979 180 2013 In
202 1979 388 2023 prooemio
412 1979 463 2013 ibi
487 1979 683 2024 magnifico
710 1982 744 2011 et
768 1979 926 2011 maxime
951 1978 1066 2021 lyrico
1087 1977 1242 2010 artificio
1266 1991 1331 2022 per
1356 1981 1506 2014 aberra-

139 2040 247 2075 tionis
268 2040 533 2075 simulationem
553 2041 829 2085 praemittuntur
852 2038 1015 2082 (werden
1035 2040 1345 2085 vorgeschlagen)
1365 2043 1508 2087 magni-

139 2101 213 2135 fica
236 2102 350 2136 verba
374 2102 419 2135 de
443 2103 722 2136 Heraclidarum
745 2101 917 2145 potentia,
938 2100 1067 2142 quibus
1093 2099 1125 2132 in
1151 2102 1383 2144 sequentibus
1407 2115 1508 2137 com-

140 2162 281 2196 modior
315 2163 415 2196 locus
447 2174 516 2196 non
550 2167 646 2205 erat,
686 2167 761 2196 tum
793 2160 1021 2205 praeparatio
1055 2160 1223 2195 carminis
1255 2163 1397 2206 ponitur
1433 2164 1505 2198 sic:

140 2227 179 2259 at
200 2224 320 2270 Pytho
346 2228 381 2258 et
402 2224 554 2258 Pelinna
577 2236 636 2258 me
655 2227 787 2258 vocant
821 2223 876 2266 (h.
895 2233 926 2255 e.
952 2222 1085 2266 Pythia
1108 2222 1261 2258 victoria
1280 2226 1509 2269 Ilippocleac

142 2286 304 2320 canenda
327 2286 529 2329 Pelinnae),
553 2290 588 2320 et
604 2286 800 2320 Aleuadae.
833 2285 981 2327 Iamque
1005 2288 1085 2327 post
1103 2287 1327 2329 prooemium
1353 2287 1509 2332 primum

108 2383 109 2386 ,
140 2347 331 2384 victoriam
355 2348 457 2392 pueri
481 2349 617 2390 laudat,
643 2347 751 2381 etiam
776 2350 927 2390 paterna
953 2345 1085 2379 virtute
1110 2358 1192 2381 eam
1212 2348 1408 2391 illustrans,
1433 2353 1509 2383 tum

141 2409 308 2443 fabulam
333 2409 377 2443 de
401 2409 651 2454 Hyperboreis
683 2407 875 2452 interponit
899 2408 1143 2451 pulcherrime
1177 2413 1252 2444 toto
1277 2412 1510 2445 antecedente

141 2472 224 2505 loeo
250 2475 519 2515 praeparatam,
544 2483 586 2505 ex
612 2482 681 2514 qua
700 2471 747 2504 ad
767 2469 1054 2504 comissationem
1072 2476 1300 2513 praesentem
1316 2473 1510 2507 revertitur

143 2535 178 2566 et
201 2532 295 2566 hano
323 2536 463 2576 partem
487 2533 653 2567 absolvit.
701 2532 889 2566 Postremo
909 2531 1020 2565 etiam
1037 2532 1283 2566 Aleuadarum
1302 2533 1400 2566 initio
1424 2545 1510 2578 pro-

143 2593 291 2627 missam
314 2595 459 2628 laudem
485 2597 616 2629 tractat
641 2593 855 2639 peragitque
876 2593 926 2627 sic
941 2594 1137 2627 secundum
1163 2594 1300 2627 orbem.
1334 2594 1427 2628 Nam
1453 2607 1511 2630 se-

145 2653 250 2688 cundi
276 2655 372 2689 orbis
396 2655 496 2690 initia
529 2657 558 2691 si
583 2656 616 2691 in
642 2654 826 2699 prooemio
852 2659 950 2695 sunt,
987 2655 1109 2698 paucis
1141 2655 1193 2689 ibi
1216 2655 1337 2689 verbis
1362 2656 1512 2691 indicari
