1751 2986
1399 161 1468 189 Lln

104 251 389 295 calamitatibus,
414 263 506 286 nunc
531 250 695 296 quidem,
723 250 817 295 quod
844 251 1055 293 notandum,
1082 252 1242 286 nuntiata
1267 264 1332 296 per
1356 264 1469 297 oppo-

102 313 278 347 sitionem.
320 313 489 348 Laudans
505 313 599 347 enim
615 313 833 347 Themidem
858 317 893 347 et
913 311 1120 358 ὀρθοδίκαν
1141 310 1324 357 ὀμφαλόν,
1346 315 1470 348 laudat

103 375 196 408 iusta
219 375 384 419 praemia
408 379 443 409 et
467 374 633 408 divinitus
657 375 759 407 datos
783 375 949 417 honores,
974 376 1023 410 uti
1049 375 1158 409 etiam
1183 375 1217 408 in
1243 376 1338 409 exitu
1359 380 1469 419 patet,

103 436 284 470 dissuadet
307 440 427 470 autem
452 437 718 470 affectationem
750 437 946 480 tyrannidis
971 448 1166 480 earumque
1201 449 1340 480 rerum,
1376 449 1468 481 quae

101 509 169 530 non
200 499 306 531 datae
337 499 407 532 sint
439 499 587 531 homini.
645 497 808 532 conferri
842 503 987 541 possunt
1017 500 1256 542 θεμίπλεκτοι
1290 497 1468 542 στέφανοι

100 559 210 593 simili
233 570 344 593 causa
367 560 452 593 dicti
477 559 580 594 Nem.
602 560 665 602 lx,
686 558 742 592 52.
774 559 960 593 Postremo
988 561 1032 593 ad
1058 560 1215 594 ludicras
1238 561 1467 605 Thrasydaei

101 620 248 665 eiusque
273 621 436 654 familiae
460 621 585 654 laudes
605 631 784 661 reversim,
806 620 914 654 simul
939 632 1003 664 per
1027 622 1287 655 admonitiones
1312 623 1468 656 directas

100 682 249 717 fabulae
273 694 417 716 sensum
441 686 612 725 quantum
637 682 723 714 satis
741 681 904 714 illustrat.
924 701 968 705 —
992 682 1100 726 Pyth.
1122 684 1200 716 ΧΠ.
1227 684 1261 717 in
1280 684 1466 727 prooemio

101 743 289 789 Agrigenti
315 743 420 776 deam
444 743 598 785 invocat,
622 746 661 776 ut
675 743 813 776 Midam
836 743 993 787 henigne
1013 743 1165 787 recipiat
1184 745 1379 788 tibicinem⁷
1405 746 1465 789 qui

101 804 228 838 vicerit
252 808 328 837 arte
355 814 377 836 a
400 803 568 837 Minerva
592 803 746 837 inventa.
804 805 880 837 lam
906 805 952 837 ad
984 805 1148 838 fabulam
1182 807 1308 840 transit
1331 808 1465 847 statim,

101 877 172 910 qua
197 869 343 899 narrata
373 865 420 898 ad
443 864 591 898 victoris
616 868 796 897 certamen
823 877 1011 904 reversus,
1044 878 1112 900 non
1144 867 1219 900 sine
1254 869 1379 901 labore
1406 871 1465 913 qui

100 928 258 970 vicerat,
289 927 371 960 inde
401 926 508 960 simul
542 926 799 959 admonitiones
831 927 946 963 ducit.
982 933 1216 971 praeparatas
1251 930 1331 973 ipsa
1356 932 1464 964 laude

100 989 199 1032 artis,
222 1000 289 1022 non
314 987 524 1027 hominum,
547 987 608 1018 scd
637 987 823 1021 Minervae
851 989 1043 1023 inventioni
1070 991 1225 1023 debitae.
1259 991 1344 1024 Indo.
1369 992 1462 1025 enim

99 1052 256 1095 sequitur
285 1049 482 1083 modestiae
507 1047 681 1081 officium.
712 1067 754 1073 —
791 1051 894 1084 Nem.
919 1053 959 1085 V.
993 1053 1026 1085 in
1061 1052 1245 1096 prooemio
1277 1057 1398 1087 cautus
1430 1054 1463 1086 in

100 1123 223 1146 omnes
247 1115 367 1156 partes
383 1110 575 1154 divulgare
600 1109 741 1143 iubetur
760 1112 885 1144 laudes
906 1113 1085 1155 praeclari
1105 1114 1218 1156 pueri,
1235 1115 1413 1158 Aeg-inam
1429 1119 1463 1149 et

98 1174 275 1208 Aeacidas
299 1173 360 1217 qui
384 1171 629 1205 honoraverit.
675 1173 760 1205 Post
784 1174 878 1206 hanc
909 1174 1095 1217 praeviam
1120 1176 1292 1209 victor-Iac
1319 1178 1461 1209 laudem

99 1235 291 1279 interponit
312 1233 432 1268 statim
458 1233 696 1277 magnificum
721 1235 849 1281 ‘locum
874 1236 917 1269 de
941 1236 1050 1269 Aeaci
1076 1237 1159 1270 filiis
1184 1238 1280 1270 Iovis
1308 1239 1463 1272 llellcnii

101 1309 203 1332 aram
228 1296 459 1332 adstantibus,
483 1294 681 1327 nuntiatum
706 1296 785 1338 ipsa
805 1296 1044 1330 Aeacidarum
1069 1300 1249 1332 mentione
1274 1299 1307 1332 in
1334 1311 1461 1343 prooe—

98 1360 184 1394 mio.
217 1360 288 1394 Sed
315 1358 400 1401 quid
417 1355 597 1400 significet
611 1355 748 1397 fabula,
767 1356 994 1399 quaerimus;
1019 1360 1180 1402 suspensi
1197 1372 1283 1392 vcro
1301 1365 1462 1393 tenemur

100 1421 341 1466 aliquamdiu,
368 1430 475 1462 quum
500 1418 602 1460 quasi
628 1429 692 1461 per
717 1419 1016 1452 continuationem
1042 1422 1256 1454 narrationis
1282 1422 1392 1455 etiam
1417 1424 1461 1456 de

98 1483 291 1518 infortunio
315 1492 440 1515 eorum
466 1480 605 1512 dicatur
629 1483 664 1512 et
686 1480 730 1512 de
751 1480 849 1513 Pelei
874 1480 1050 1514 felicitate
1074 1486 1152 1526 post
1175 1488 1335 1526 sequuta.
1366 1486 1461 1518 Tum

98 1547 245 1579 demum
269 1544 314 1578 ad
341 1540 553 1587 principium
580 1551 765 1582 reversus,
791 1544 826 1574 ct
849 1542 1073 1584 Phylacidae
1098 1544 1285 1578 consilium
1309 1546 1461 1579 Isthmia

98 1607 250 1641 adeundi
275 1609 368 1639 tecte
391 1603 572 1644 indicans,
599 1602 731 1635 diserta
756 1614 844 1635 vcro
867 1604 974 1636 laude
999 1605 1163 1649 Pythone
1189 1606 1358 1640 victorias
1384 1619 1461 1641 mc—

97 1678 241 1702 morans
267 1669 302 1699 et
326 1668 582 1709 cognatorum,
605 1675 756 1707 quorum
780 1665 935 1709 vestigia
960 1667 1127 1709 presserit
1152 1680 1260 1711 puer,
1281 1669 1332 1702 sic
1358 1671 1461 1702 cxlii-

96 1730 159 1763 bet
183 1728 316 1769 omnin,
341 1726 470 1770 quibus
487 1725 657 1770 gymnica
674 1725 827 1759 fratrum
849 1728 929 1760 laus
953 1731 987 1760 et
1012 1730 1235 1772 comparatio
1251 1743 1332 1763 cnm
1352 1732 1461 1765 Aeaci

98 1791 182 1825 filiis
211 1789 312 1824 initio
338 1788 454 1833 posita
478 1787 610 1821 nititur.
659 1787 774 1821 Simul
800 1789 869 1820 hoc
893 1793 1081 1832 perspecto
1111 1792 1260 1834 clarum,
1285 1794 1368 1836 quid
1395 1794 1459 1826 ad-

98 1853 191 1887 iecta
214 1851 380 1894 exempla
404 1849 604 1884 discordiae
627 1853 662 1883 et
688 1850 925 1883 verecundiae
950 1851 1019 1884 sibi
1041 1853 1162 1892 velint,
1185 1866 1336 1897 quoi-um
1364 1856 1461 1887 nulla

97 1917 285 1959 praeterea
308 1911 501 1955 explicatio
525 1911 678 1944 additur.
703 1931 748 1937 —
774 1912 898 1945 Isthm.
917 1913 990 1945 vll.
1017 1912 1052 1945 in
1070 1915 1256 1956 prooemio
1278 1926 1317 1947 se
1341 1916 1461 1947 accin-

98 1976 152 2021 git
175 1975 222 2009 ad
240 1973 407 2008 Cleandri
430 1972 576 2006 victoris
600 1972 757 2013 laudem,
783 1984 825 2005 ex
842 1974 986 2015 nuperis
1002 1974 1200 2006 terroribus
1223 1975 1310 2008 hclli
1330 1976 1460 2008 iterum

97 2037 298 2080 iterumque
330 2047 369 2068 se
392 2044 566 2068 revocans
599 2033 646 2066 ad
670 2032 846 2077 Aeginam
872 2033 1081 2066 canendam.
1139 2035 1315 2069 Ultimum
1337 2037 1460 2070 statim

99 2098 204 2140 facit,
235 2097 397 2142 Aeginae
423 2094 634 2139 progeniem
659 2095 818 2126 Aeacum
843 2097 879 2126 et
901 2094 1079 2126 Aeacidas
1103 2097 1289 2130 celebrans
1314 2098 1460 2141 fabulis,

98 2164 176 2194 tum
209 2170 274 2202 per
297 2158 453 2192 Nicoclis
476 2156 640 2196 laudem,
671 2166 778 2197 quem
810 2154 966 2187 imitatus
995 2155 1041 2188 sit
1066 2157 1258 2199 Cleander,
1294 2160 1340 2192 ad
1364 2161 1460 2193 hune

99 2222 215 2265 ipsum
241 2219 334 2253 redit
358 2222 394 2252 et
418 2216 574 2251 absolvit
598 2216 774 2249 ludicram
799 2216 941 2249 laudem
966 2216 1066 2249 initio
1090 2218 1280 2262 inceptam.
1319 2221 1461 2255 Positas

100 2282 210 2315 etiam
233 2280 295 2314 hic
319 2280 464 2313 fabulas
488 2276 650 2322 proxime
678 2281 755 2321 post
778 2278 1001 2321 prooemium
1024 2279 1135 2313 vides.
1183 2283 1229 2314 Et
1258 2282 1356 2325 prior
1380 2284 1459 2327 qui-

101 2343 183 2376 dem
207 2353 331 2375 earum
356 2352 441 2385 pars
466 2352 485 2373 e
505 2339 690 2383 prooemio
714 2340 831 2372 lucem
855 2341 977 2383 trahit,
1002 2347 1248 2377 commoverat
1270 2346 1362 2378 enim
1383 2347 1460 2378 ani*

100 2415 179 2437 mos
194 2403 464 2449 Aeginetarum‚
490 2413 597 2445 quum
622 2403 732 2435 vellet
756 2413 816 2435 cos
835 2402 1084 2445 pacificatores
1109 2415 1199 2445 esse,
1224 2407 1338 2439 altera
1353 2407 1459 2439 Nico-

102 2465 169 2499 clis
192 2468 226 2498 et
251 2464 419 2498 Cleandri
442 2465 550 2497 rebus
574 2464 877 2497 accommodatur.
896 2482 938 2488 —
963 2465 1022 2498 01.
1048 2465 1092 2497 ll.
1117 2464 1152 2498 iu
1176 2468 1362 2510 prooemio
1386 2468 1459 2501 vir-

101 2529 194 2560 tutes
213 2524 392 2558 Theronis
415 2526 609 2559 laudantur
632 2525 831 2569 diciturque
855 2537 917 2558 rex
942 2526 1051 2558 decus
1075 2528 1204 2570 gentiS,
1228 2530 1342 2562 multa
1367 2540 1461 2572 quae

102 2598 208 2631 passa
232 2587 318 2621 olim
342 2598 433 2620 nunc
456 2587 596 2621 floreat.
630 2589 683 2621 Ex
709 2588 764 2621 his
789 2588 927 2621 duabus
949 2588 1057 2620 rebus
1076 2592 1199 2632 aptum
1223 2601 1380 2623 carmen.
1409 2591 1461 2624 Ac

103 2648 258 2692 primum
282 2648 425 2692 quidem
451 2653 648 2684 monstrata
671 2650 878 2684 vicissitudo
908 2651 1141 2683 adversarum
1165 2654 1201 2684 et
1223 2652 1460 2686 secundarum
