1751 2986
1331 171 1408 199 XXV

47 267 93 301 tis
119 266 324 300 relaxatam
355 268 391 300 et
420 264 707 299 mansuefactam
740 268 847 299 cantu
869 265 1058 299 Musarum
1082 268 1116 298 et
1138 264 1335 307 Apollinis,
1369 267 1410 297 ut

47 327 247 362 maiestatis
276 326 404 371 regiae
434 337 478 360 ac
502 326 656 360 bellicae
689 326 766 360 irae
791 338 874 359 cum
895 326 1096 360 mitioribus
1127 325 1289 359 sensibus
1324 336 1409 358 con-

46 387 189 421 iunctae
215 387 344 421 idealis
363 388 541 422 habeatur
556 388 700 432 imago3
725 392 801 421 tum
822 389 1012 431 opponitur
1027 388 1216 432 Typhonis
1236 387 1410 421 indomita

45 448 172 484 feritas
189 460 255 482 non
275 449 360 483 tacti
378 450 596 483 musicorum
613 460 783 482 sonorum
801 450 989 483 dulcedine
1010 453 1044 482 et
1065 449 1142 483 miti
1160 461 1276 491 sensu,
1300 460 1410 492 quum

48 511 158 545 etiam
174 511 288 544 Hiero
306 512 352 544 ad
368 511 616 545 crudelitatem
639 510 836 544 inclinaret.
871 511 1025 554 Propter
1045 512 1197 544 eundem
1212 511 1409 544 Hieronem

47 572 105 606 Ol.
129 573 157 606 Ι.
182 572 395 606 felicitatem
420 583 442 606 a
464 573 638 617 superbia
662 572 817 607 alienam
834 573 981 616 Pelopis
1006 574 1110 618 regio
1135 575 1300 616 exemplo
1325 583 1409 616 pro-

46 633 146 677 ponit
169 644 192 667 a
213 634 378 678 Neptuno
401 634 590 679 insigniter
615 633 738 674 amati,
771 634 963 676 superbiae
986 645 1075 666 vero
1099 635 1135 668 in
1158 646 1300 668 summa
1324 634 1409 668 feli-

46 694 154 729 citate
172 699 206 729 et
222 695 348 729 favore
366 696 514 728 deorum
539 705 607 726 non
632 695 760 736 procul
781 695 930 727 habitae
950 706 1082 737 poenas
1106 695 1139 728 in
1153 697 1322 729 Tantalo.
1348 695 1409 728 ln-

45 760 100 790 est
122 757 251 790 iterum
275 756 311 789 in
333 761 487 799 utroque
518 756 683 798 exemplo
707 756 871 798 opposito
903 755 1112 799 singulatim
1137 760 1210 790 tota
1235 757 1410 790 sententia

45 818 226 852 carminis.
271 816 408 852 Similis
432 817 524 850 ratio
548 816 656 860 Pyth.
683 816 750 856 11.‚
775 817 836 849 ubi
860 821 935 850 tum
960 816 1090 850 Ixionis
1116 818 1321 860 exemplum
1347 829 1409 850 ex-

43 879 201 923 hibetur,
224 880 286 924 qui
315 878 410 921 apud
434 877 530 921 ipsos
553 877 639 909 deos
662 877 696 910 in
722 877 879 921 Olympo
904 877 1112 912 felicissime
1135 879 1272 920 vivens,
1298 891 1408 922 quum

43 941 141 976 ferre
169 942 352 976 fortunam
382 950 452 972 non
485 943 604 982 posset
637 942 673 972 et
705 939 867 983 ingratus
899 940 1021 982 fieret,
1056 952 1149 973 nunc
1184 940 1410 986 gravissimis

43 1002 170 1048 poenis
199 1002 380 1044 afficitur,
412 1005 487 1034 tum
521 1000 696 1045 Cinyrae,
728 1000 789 1044 qui
821 1001 1004 1036 fortunam
1035 1002 1177 1046 regiam
1209 1003 1409 1036 maximam

44 1075 67 1098 a
91 1064 159 1098 diis
181 1074 390 1098 concessam
414 1075 496 1096 cum
520 1062 657 1096 iustitia
691 1067 727 1096 et
748 1063 909 1097 bonitate
942 1064 1167 1098 coniunctam
1193 1065 1340 1106 habuit,
1373 1068 1408 1099 et

43 1125 328 1167 Rhadamanthi,
353 1125 454 1158 cuius
478 1124 654 1168 sapientia
677 1135 787 1167 quum
810 1137 984 1168 nusquam
1012 1126 1130 1170 deripi
1157 1138 1200 1163 ,se
1231 1137 1338 1169 passa
1362 1127 1408 1161 sit

40 1185 233 1220 fraudibus
261 1190 297 1220 et
326 1186 509 1220 blanditiis
541 1187 720 1230 malorum
753 1186 960 1224 homiuum,
998 1188 1165 1229 qualibus
1194 1193 1270 1222 tum
1293 1189 1407 1221 Hiero

42 1247 409 1290 circumveniebatur,
439 1247 518 1291 ipse
550 1247 758 1281 beatissima
782 1247 857 1280 vita
880 1248 1013 1281 fruitur
1039 1249 1074 1282 in
1099 1250 1236 1294 Elysio.
1293 1251 1407 1293 Atque

40 1309 135 1343 haec
159 1310 302 1353 quidem
336 1310 503 1352 exempla
526 1309 685 1342 breviter
711 1313 887 1351 tractata,
919 1311 1053 1344 Ixionis
1085 1311 1213 1345 fabula
1243 1312 1407 1355 pluribus

42 1371 177 1414 verbis,
201 1382 312 1415 quum
334 1370 514 1415 imprimis
539 1370 724 1403 dehortari
749 1374 783 1403 et
808 1372 988 1405 deterrere
1015 1384 1140 1416 regem
1158 1374 1304 1406 velleta
1323 1384 1408 1416 pra-

41 1431 98 1466 vis
121 1443 215 1476 quae
239 1432 374 1478 agebat
409 1431 576 1465 consiliis.
623 1431 836 1465 Accedimus
870 1434 915 1466 ad
941 1444 1085 1466 carmen
1109 1434 1218 1477 Pyth.
1243 1434 1301 1466 lv.
1349 1433 1406 1467 lbi

40 1493 180 1528 Iasonis
203 1493 366 1527 videmus
400 1495 628 1537 praeclarum
654 1495 874 1536 exemplum,
908 1494 967 1537 qui
1001 1506 1082 1528 cum
1114 1496 1245 1527 robore
1270 1497 1306 1528 et
1330 1495 1407 1528 for-

40 1555 189 1590 titudine
219 1554 351 1600 insigni
384 1555 670 1588 moderationem
704 1566 883 1588 summam
908 1557 1059 1590 ostendit
1083 1556 1116 1589 in
1151 1567 1292 1589 summo
1317 1557 1407 1598 iure,

42 1629 135 1662 quae
160 1621 214 1652 est
237 1616 358 1651 suavis
381 1616 446 1650 illa
477 1616 652 1650 virtutum
676 1616 828 1650 duarum
853 1618 1091 1651 cardinalium
1122 1618 1275 1652 societas
1299 1629 1408 1661 supra

41 1680 232 1724 explicata,
255 1683 291 1712 et
312 1678 448 1712 Iasonis
472 1678 617 1721 quidem
641 1689 794 1722 persona
818 1678 909 1712 nihil
933 1678 967 1711 in
993 1680 1062 1712 hoc
1087 1691 1221 1724 genere
1250 1680 1408 1723 pulcrius

41 1732 154 1786 apud*
169 1741 365 1775 Pindarum
396 1743 522 1773 exstat.
578 1740 660 1772 lam
693 1744 830 1773 statura
856 1740 1000 1783 quidem
1035 1741 1185 1774 heroica
1214 1747 1248 1775 et
1274 1742 1407 1775 robore

40 1802 151 1837 etiam
174 1802 377 1836 Arcesilaus
401 1805 478 1835 erat
500 1800 672 1846 insignis,
704 1802 767 1834 sed
801 1801 898 1834 idem
928 1814 1036 1845 quum
1070 1802 1214 1848 ingenio
1248 1805 1407 1837 maxime

40 1863 225 1897 dissimilis
247 1862 363 1896 Iasoni
395 1863 602 1902 iracundus,
636 1873 767 1896 saevus
800 1862 834 1895 in
866 1864 1042 1898 seditione
1075 1865 1209 1898 civium
1246 1866 1409 1898 severius

41 1924 187 1970 egisset,
210 1928 319 1968 poeta
342 1928 486 1968 praeter
510 1924 649 1958 Iasonis
674 1925 879 1967 exemplum
904 1925 1013 1959 etiam
1038 1927 1203 1969 opposita
1225 1928 1407 1971 παραδεί-

39 1997 163 2028 γματα
194 1985 346 2019 ostendit
368 1985 477 2020 Otum
512 1989 547 2019 et
578 1986 773 2028 Ephialten
802 1986 950 2019 Aloidas
985 1991 1020 2019 et
1044 1988 1212 2031 Titywu,
1246 1988 1306 2030 qui
1339 1988 1408 2031 ipsi

42 2046 154 2080 etiam
175 2046 309 2080 robore
332 2051 368 2081 et
391 2047 638 2092 magnitudine
664 2048 824 2090 corporis
848 2047 1032 2090 conspicui
1050 2047 1241 2081 audaciam
1256 2048 1407 2082 nimiam

42 2107 358 2141 et‘confideutiam
380 2107 513 2142 virium
535 2112 651 2141 morte
673 2110 775 2142 luunt
797 2120 840 2141 ex
862 2108 1002 2141 merito.
1058 2110 1171 2142 Porro
1206 2109 1313 2143 huius
1335 2111 1406 2145 loci

42 2172 96 2203 est
118 2169 226 2212 Pyth.
250 2169 326 2210 XL,
349 2168 411 2201 ubi
435 2170 665 2213 Thrasydaei
689 2169 834 2211 eiusque
856 2169 1022 2204 familiae
1045 2171 1206 2204 ludicrae
1233 2171 1408 2204 victoriae

41 2230 249 2272 laudantur,
283 2231 555 2265 commendatur
593 2242 680 2265 vero
704 2231 904 2264 moderatio
929 2243 972 2266 ac
997 2233 1223 2270 dissuadetur
1246 2233 1408 2277 tjwanni-

42 2291 98 2340 dis
130 2291 323 2325 affectatio.
379 2292 576 2336 Utrumque
607 2293 769 2336 mythico
802 2295 967 2337 exemplo
1003 2295 1168 2328 illustrat.
1222 2295 1408 2338 Quemad-

40 2354 190 2388 modum
223 2353 319 2387 enim
341 2354 464 2388 Iolaus
496 2358 531 2387 et
555 2354 722 2387 Castores
751 2354 922 2388 virtutem
956 2355 1134 2390 ludicram
1158 2356 1337 2401 insignem
1361 2357 1407 2390 ab

42 2414 216 2450 iniustitia
238 2414 480 2459 uiolentiaque
505 2415 677 2449 intactam
696 2417 898 2450 habuerunt
921 2416 1092 2460 famaque
1116 2417 1252 2465 optima
1268 2418 1408 2459 florent,

42 2476 95 2512 sic
118 2476 316 2522 tyrannidis
338 2476 498 2511 infausta
522 2476 614 2510 ratio
638 2477 949 2522 Agamemnoniae
975 2480 1101 2512 domus
1123 2479 1317 2513 infortunio
1343 2479 1408 2511 do-

45 2541 156 2580 cetur,
173 2537 236 2571 ubi
259 2537 353 2570 intus
377 2539 518 2572 scelera
542 2550 586 2572 ex
610 2539 807 2573 sceleribus
831 2541 1004 2582 oriuntur,
1035 2544 1135 2574 extra
1159 2552 1248 2575 vero
1272 2540 1410 2574 invidia

44 2602 231 2644 grassatur
263 2602 299 2633 et
328 2600 582 2634 maledicentia
616 2601 760 2635 civium.
813 2601 956 2634 Accede
981 2601 1028 2634 ad
1052 2602 1212 2636 carmina
1236 2602 1338 2635 Nem.
1365 2602 1407 2635 V.

31 2658 82 2695 'et
104 2661 188 2703 lx„
218 2660 281 2694 uhi
305 2672 374 2694 non
399 2673 443 2695 ex
467 2662 715 2704 diversorum,
747 2662 810 2695 sed
842 2673 885 2695 ex
910 2663 1105 2696 eorundem
1128 2664 1282 2696 heroum
1305 2661 1410 2696 varia

45 2721 189 2758 fortuna
211 2722 343 2766 duplex
367 2719 604 2768 παράδειγμα
632 2723 786 2757 elicitur.
832 2723 884 2757 Ac
912 2722 1014 2757 Nem.
1040 2724 1080 2756 V.
1105 2723 1142 2758 iu
1165 2723 1340 2768 principio
1363 2724 1410 2758 ad
