1794 2982
417 141 512 190 ΕΞ
543 142 859 183 ΑΛΗΛῼΝ
889 143 1147 184 ΕΙΛῼΝ.
1377 145 1458 184 313

652 249 719 288 64.
775 248 907 300 (144.)

235 332 757 376 u—'u-Lu——l-w—u-

243 403 415 466 Τροχόν
447 406 596 466 μέλος·
632 407 703 452 ταὶ
737 407 783 452 δὲ
820 406 1043 465 Χείρωνος
1075 404 1264 463 ἐντολάς.

281 482 344 515 De
374 482 562 516 Achille
595 483 713 526 apud
746 483 991 515 Chironem
1025 482 1233 515 educato.

651 581 714 621 65
770 581 901 632 (146.)

282 667 295 687 Ι
419 667 433 687 Ι
554 667 568 688 Ι

226 690 885 709 --υ--υ--υ-υ-···

229 737 304 786 Ἐν
339 740 584 785 δασκίοισιν
617 739 783 802 transq·
820 743 964 802 νηλεεῖ
994 739 1082 804 νόῳ
1116 738 1156 786 δ’
1191 776 1200 784 .
1239 775 1247 784 .
1286 776 1295 784 .
1333 775 1343 784 .

275 816 336 848 De
360 816 501 849 Peleo
526 816 730 850 Achillis
755 820 910 859 patre3
937 828 988 849 ex
1013 817 1182 857 eodem,
1207 827 1290 858 quo
1318 817 1455 859 prius,

231 871 452 906 carmine.

234 1128 401 1190 Νόμων
436 1127 673 1185 ἀκούοντες
707 1129 955 1190 θεόδματον
989 1132 1187 1178 κέλαδον.

278 1207 342 1240 De
369 1206 538 1240 Cadmo
564 1209 607 1239 et
631 1206 891 1247 Harmonia,
928 1210 1001 1241 vel
1028 1210 1079 1242 de
1105 1210 1251 1243 Peleo
1277 1213 1319 1242 et
1343 1210 1456 1243 The-

230 1262 337 1296 tide.

655 1362 718 1401 67.
776 1362 909 1413 (149.)

360 1585 562 1649 ‘choct'voe
596 1585 1009 1647 δ’,Ἇμυθαονίδαις
1042 1588 1246 1634 ποικίλον

233 1652 418 1717 ἄνδημα.

559 1773 625 1815 68.
654 1775 719 1813 69.
779 1774 888 1823 (151.
920 1776 1028 1823 153.)

236 1859 882 1902 -ίυυ-υυ--Ᾰυ--Ᾰυὲἕ

238 1925 930 1968 έυυ-υυ--Ᾰυ--Ᾰυυ-

237 1989 1114 2035 Ᾰυ--Ᾰυυ-υυ--Ᾰυ--Ᾰυυ-

253 2058 267 2080 Ι
428 2058 442 2079 Ι

241 2081 718 2101 -υ---υυ-υυ-

103 2183 258 2229 Ἀνηλεεῖ
289 2183 364 2231 νόῳ
398 2181 442 2219 δ’.
498 2186 585 2228 Στρ.
610 2183 653 2226 γ’.
691 2207 699 2215 .
716 2207 723 2216 .
739 2181 792 2217 ,δ’
819 2180 930 2217 ου’δὲν
953 2182 1182 2228 προςαιτέων
1205 2182 1465 2228 Ἐφθεγξοὶμαν

102 2230 256 2266 ἕπί....
303 2231 351 2264 Ut
381 2232 475 2263 haec
507 2229 575 2262 tria
606 2229 733 2261 ultima
774 2228 980 2272 fragmenta
1013 2240 1055 2260 ex
1088 2228 1215 2261 iisdem
1248 2230 1319 2262 illis
1352 2232 1466 2264 tribus

102 2276 259 2319 strophis
283 2277 393 2319 petita
418 2275 572 2315 fuerint,
606 2279 713 2317 poeta
746 2279 865 2306 autem
900 2273 1122 2307 enarraverit
1152 2273 1185 2305 in
1222 2274 1341 2316 priore
1367 2280 1466 2318 parte

105 2321 274 2355 carminis
307 2320 436 2362 Oedipi
471 2320 673 2358 fortunam,
709 2319 768 2361 qui
800 2319 1002 2362 Sphingem
1034 2318 1236 2360 superavit,
1274 2320 1308 2352 in
1342 2322 1468 2361 altera,

105 2367 286 2410 quomodo
310 2367 439 2399 Peleus
464 2365 581 2397 Acasti
616 2364 761 2396 insidias
795 2363 973 2407 effugerit.
1035 2363 1137 2405 Quae
1161 2363 1251 2396 mihi
1276 2364 1360 2398 licet
1385 2376 1468 2407 pro-

104 2411 278 2445 babiliter
311 2411 516 2454 excogitata
538 2410 729 2442 videantur
762 2412 796 2441 et
820 2407 865 2440 fr.
890 2408 946 2439 61.
973 2419 1097 2440 versus
1124 2408 1154 2440 l.
1191 2420 1272 2440 cum
1295 2409 1328 2441 2.
1357 2421 1469 2452 copu-

104 2456 175 2491 lari
198 2468 266 2490 non
291 2456 401 2500 possit
428 2460 631 2498 propterea,
657 2454 748 2496 quod
770 2453 987 2486 Heliodorus
1012 2452 1122 2495 priori
1147 2454 1299 2485 alterum
1322 2465 1470 2496 respon—

106 2501 201 2535 disse
226 2507 388 2542 testatur,
413 2506 535 2534 tamen
560 2499 657 2532 nolui
677 2510 698 2531 a
715 2499 900 2531 Boeckhio
932 2498 1114 2530 recedere.
1148 2498 1239 2531 Nam
1265 2498 1298 2530 in
1319 2498 1468 2543 Bergkii

109 2557 250 2590 quoque
273 2547 413 2580 ratione
438 2550 518 2578 sunt
541 2556 633 2587 quae
657 2544 775 2577 minus
800 2545 976 2587 placeant.

200 2592 261 2626 Fr.
286 2591 342 2624 66.
389 2590 563 2624 Prisciani
593 2589 805 2622 Heliodorus
831 2591 852 2622 1.
880 2601 909 2621 c.
938 2600 969 2630 p.
993 2586 1074 2620 251.
1099 2585 1196 2630 (420.
1223 2587 1356 2629 Gaisf.)

200 2636 260 2669 Fr.
284 2636 342 2669 67.
391 2636 528 2670 Scholl.
552 2634 654 2669 Nem.
673 2635 749 2676 Vll,
771 2634 857 2668 116:
887 2631 936 2667 Τὸ
963 2634 1106 2676 ποίημα
1128 2630 1321 2677 ὑφάσματι
1345 2631 1474 2675 ἔοικεν,

114 2678 164 2722 ὦς
186 2680 250 2717 καὶ
275 2679 391 2722 αὐτὸς
415 2679 454 2715 ἐν
477 2678 611 2720 ἄλλοις.
