1751 2986
310 144 335 181 4
656 134 1228 178 OA‘PMHIONIKAI
1272 127 1331 172 A'.

440 470 458 485 .,
1474 436 1539 479 Στ
1570 469 1578 477 .
1616 431 1669 478 α’.

462 476 689 565 Αριστον
717 503 794 563 μὲν
827 500 963 560 ὕδωρ,
992 500 1018 548 ὁ
1047 502 1093 548 63.-
1120 498 1286 563 χρυσὸς
1315 450 1565 560 αἰθόμενονρ
1578 503 1673 560 πῦρ

451 568 522 617 ἅτε
558 569 787 630 διαπρέπει
821 570 945 617 νυκτὶ
984 568 1223 631 μεγάνορος
1256 566 1378 628 ἔξοχα
1413 567 1637 616 πλούτου·

450 640 488 686 εἰ
519 636 558 685 δ’
594 636 735 685 ἄεθλα
768 638 935 699 γαρύεν
1652 645 1673 677 5

451 708 615 759 ἔλδεαι,
650 706 783 765 φίλον
818 698 938 769 ἦτορ,

388 780 416 823 5
452 773 609 837 μηκέθ’
646 772 778 819 ἁλίου
812 771 967 819 σκόπει

454 840 561 888 ἄλλο
589 840 892 903 θαλπνότερον
920 841 964 887 ἐν
993 838 1131 905 ἁμέρᾳ
1161 838 1354 902 φαεννὸν
1381 838 1544 901 ἄστρον
1572 837 1674 901 ἐρή-

988 927 1072 968 μας
1106 906 1161 955 δι’
1196 908 1396 969 αἰθέρος·
1634 917 1676 949 lo

453 975 553 1041 μηὸ’
583 975 827 1039 Ὀλυμπίας
861 975 1008 1039 οἷγῶνα
1042 974 1254 1038 φέρτερον
1290 973 1563 1036 αὐδάσομεν·

454 1043 562 1092 ὅθεν
598 1043 624 1092 ὃ
657 1044 920 1107 πολύφατος
953 1041 1093 1104 ὕμνος
1127 1038 1475 1105 ἅμφιβάλλεται.”

453 1116 610 1174 σοφῶν
643 1113 865 1177 μητίεσσι,
899 1115 1095 1158 κελαδεῖν
1636 1118 1676 1150 15

359 1185 419 1229 10
458 1179 644 1241 Κρόνου
678 1179 811 1237 παῖδ’,
846 1180 889 1237 ἐς
924 1176 1092 1240 ἄφνεάν
1126 1176 1360 1237 ἱκομένους

457 1247 678 1310 μάκαιραν
707 1247 905 1309 Ἱέρωνος
938 1247 1096 1303 ἑστίαν,

635 1367 858 1400 DlvmzsrrAs
887 1376 1108 1399 scml‘TURAE
1133 1364 1362 1398 Hmmmmu.

368 1425 398 1445 v.
420 1412 451 1445 6.
477 1409 635 1456 φαεινὸν
660 1432 704 1436 —-
728 1425 758 1446 v.
787 1414 838 1446 10.
863 1410 1027 1454 Ξκόμενοι

810 1496 1022 1529 ΛΝΝοΤΑΤιο
1053 1506 1209 1529 carrica.

412 1540 471 1574 Ol.
496 1541 525 1575 I.
579 1538 786 1583 Inscriptio:
827 1541 985 1575 Thomas
1020 1541 1192 1585 Magister
1223 1540 1259 1574 in
1293 1539 1371 1573 Vita
1402 1537 1549 1573 Pindari
1578 1550 1609 1583 p.
1644 1537 1678 1571 5.

322 1587 496 1621 Boeckh·:
520 1585 563 1620 Ὁ
587 1584 764 1623 ἐπινίκιος
786 1586 1031 1630 προτέτακται
1056 1584 1130 1621 ὑπὸ
1153 1583 1434 1630 Ἀριστοφάνους
1456 1585 1525 1620 τοῦ
1543 1583 1679 1619 συντά-

323 1634 456 1675 ξαντος
479 1631 525 1666 τὰ
552 1629 761 1675 Πινδαρικὰ
798 1630 860 1665 διὰ
883 1631 925 1667 τὸ
951 1631 1132 1678 περιέχειν
1155 1632 1224 1666 τοῦ
1247 1629 1389 1675 οἷγῶνος
1413 1628 1592 1675 ἐγκώμιον
1616 1629 1679 1664 καὶ

323 1677 369 1713 τὰ
394 1677 479 1723 περὶ
502 1678 570 1712 τοῦ
602 1676 782 1719 Πέλοπος,
809 1674 851 1716 ὃς
873 1679 1022 1723 πρῶτος
1044 1678 1083 1711 ἐν
1098 1675 1221 1712 ’Ἡλιδι
1246 1674 1461 1721 ἠγωνίσατο.

414 1736 446 1758 v.
474 1723 507 1757 3.
558 1723 625 1766 [De
650 1723 762 1755 forma
785 1723 953 1758 infinitivi
981 1724 1120 1757 rariore
1141 1720 1275 1769 γαρύεν
1305 1723 1458 1766 explicat
1481 1720 1681 1756 Boeckhius

326 1770 430 1802 Metr.
454 1769 543 1802 Pind
579 1768 648 1811 ΙΙΙ,
673 1767 727 1801 18.
753 1780 785 1811 p.
810 1768 889 1803 293.
924 1773 959 1803 et
990 1770 1032 1802 de
1057 1769 1149 1802 crisi
1173 1768 1369 1803 carminum
1394 1768 1537 1802 Pindar.
1564 1770 1597 1810 §.
1623 1765 1681 1800 20.

325 1828 345 1859 P
414 1859 528 1893 v.10.
578 1861 665 1892 Pars
698 1859 871 1892 librorum
904 1857 1085 1903 ἑπόμενοι,
1119 1859 1212 1903 quod
1245 1863 1462 1903 corruptum.
1511 1856 1681 1891 Meliores

323 1905 410 1938 libri
434 1904 639 1948 ἱκομένοις,
670 1905 762 1947 quod
787 1906 1031 1939 Herrmannus
1060 1910 1185 1949 probat
1207 1910 1242 1939 et
1275 1905 1317 1939 ad
1341 1907 1473 1947 σοφοῖς
1495 1904 1601 1937 refert
1624 1902 1680 1936 la-

324 1956 400 1984 tens
425 1951 460 1984 in
485 1951 613 1994 σοφῶν
637 1951 812 1994 μητίεσσι.
858 1951 995 1984 Durum
1019 1951 1088 1984 hoc
1107 1951 1286 1984 Boeckhio
1310 1950 1435 1993 visum,
1459 1949 1567 1984 etiam
1590 1947 1682 1982 mihi

324 1996 472 2029 minime
495 1996 638 2040 elegans
663 1996 819 2038 videtur,
850 1996 1056 2041 praesertim
1080 2008 1189 2040 quum
1212 2008 1254 2030 ex
1289 2007 1370 2030 mea
1393 1994 1682 2039 interpretatione

324 2047 491 2086 appareat
514 2042 642 2085 σοφῶν
660 2044 824 2086 μητίεσσι
846 2054 915 2075 uon
940 2053 1015 2075 esse
1039 2053 1102 2086 pro
1121 2042 1275 2086 simplici
1297 2044 1427 2084 σοφοῖς
1450 2041 1595 2083 dictum,
1621 2039 1682 2073 sed

323 2088 489 2131 μητίεσσι
502 2087 701 2121 necessario
717 2088 885 2123 additum.
921 2088 1057 2132 Quodsi
1075 2089 1188 2121 noluit
1205 2091 1308 2132 poeta
1329 2085 1598 2132 ἀμφιβάλλεται
1616 2095 1681 2120 σο-

324 2136 423 2176 φοῖς,
439 2144 502 2166 nec
522 2133 745 2177 participium
761 2134 832 2166 huc
850 2133 985 2167 referre
1005 2135 1095 2167 bene
1111 2134 1234 2178 potuit,
1245 2144 1316 2177 qua
1332 2138 1386 2167 est
1399 2130 1604 2167 admirabili
1622 2141 1682 2175 pe-

324 2178 409 2212 ritia
425 2178 574 2212 (licendi.
602 2179 775 2222 (Omnino
804 2190 873 2213 non
892 2184 988 2213 amat
1006 2179 1271 2213 artificiosiores
1297 2179 1574 2213 constructiones
1595 2176 1682 2210 Pin-

326 2224 444 2256 darus.
469 2224 582 2257 DISS.
598 2224 697 2267 MS.)
729 2225 926 2258 Probamus
950 2225 1062 2269 igitur
1080 2224 1273 2270 ἱκομένους
1298 2236 1340 2259 ex
1357 2225 1460 2259 libris
1479 2222 1641 2268 plurimis
1660 2232 1682 2256 a

326 2269 507 2302 Boeckhio
533 2269 737 2313 repositum,
762 2271 855 2313 quod
879 2271 965 2304 olim
984 2271 1090 2304 etiam
1108 2272 1335 2305 Hermannus
1359 2270 1568 2315 postulabat.
1595 2267 1682 2311 [Da-

325 2315 440 2348 tivum
472 2314 675 2348 etiamnunc
709 2316 863 2359 praefert
892 2317 1119 2350 Hermannus
1154 2317 1283 2360 Opusc.
1309 2317 1365 2350 Vl.
1391 2328 1423 2360 p.
1447 2313 1524 2358 34„
1561 2313 1623 2357 qui
1647 2316 1682 2346 et

325 2371 346 2394 a
381 2359 482 2394 libris
515 2361 794 2393 commendatior
825 2362 870 2395 sit
900 2366 934 2395 et
959 2366 998 2395 ut
1029 2361 1236 2404 exquisitior
1267 2361 1417 2405 placeat.
1471 2361 1592 2404 Quum
1624 2358 1682 2392 vel

324 2405 538 2439 Homericus
559 2416 676 2439 sermo
699 2406 793 2439 ferat
814 2406 915 2450 ψυχὴ
943 2408 1156 2452 Τειρεσίαο,
1188 2405 1341 2452 χρύσεον
1366 2406 1555 2451 σκῆπτρον
1579 2403 1683 2449 ἔχων,

324 2451 418 2496 apud
442 2451 636 2485 Pindarum
661 2452 768 2485 talem
791 2456 1004 2486 structuram
1030 2463 1099 2485 non
1122 2463 1199 2485 esse
1222 2453 1358 2485 duram.
1392 2452 1514 2496 SCH.]

414 2508 449 2530 v.
474 2495 530 2529 12.
579 2497 797 2540 [Legebatur
827 2497 1086 2543 πολυμάλῳ.
1132 2499 1249 2542 Quam
1280 2497 1435 2531 formam
1458 2502 1499 2531 ut
1525 2495 1563 2530 in
1585 2495 1679 2530 Aeo-

326 2541 398 2575 lico
423 2541 578 2576 carmine
596 2544 762 2576 tuebatur
783 2553 862 2575 cum
881 2544 1085 2576 Hermanno
1109 2543 1152 2576 de
1169 2543 1329 2577 Dialecto
1347 2543 1494 2578 Pindari
1511 2542 1639 2587 Opusc.
1652 2541 1680 2575 1.

326 2599 360 2632 p.
383 2586 464 2621 266.
499 2587 699 2621 Boeckhius
721 2587 817 2621 Nott.
849 2589 943 2623 critt.
970 2589 1109 2633 Olymp.
1135 2589 1199 2632 vl,
1223 2587 1302 2622 1⁰0.
1357 2588 1427 2622 Sed
1460 2599 1570 2632 quum
1598 2586 1684 2621 Pin-

324 2634 431 2667 darus
455 2632 587 2677 ubique
609 2633 707 2677 μῆλα
732 2633 826 2667 dicut
849 2638 884 2667 et
915 2634 950 2667 in
977 2633 1179 2678 compositis
1206 2632 1430 2679 μηλοδόκος,
1462 2630 1682 2679 μηλοβότας,

324 2679 512 2723 vulgarem
546 2678 699 2713 formam
732 2679 854 2713 reduci
889 2680 1046 2723 oportuit
1086 2691 1167 2713 cum
1197 2680 1353 2714 Ahrente
1391 2680 1435 2713 de
1465 2679 1559 2713 nial.
1594 2678 1681 2712 Dor.

324 2724 526 2759 Verendum
549 2724 643 2759 enim
666 2724 756 2768 fuit,
781 2736 825 2759 ne
850 2725 929 2769 quis
951 2723 1163 2770 πολύμαλον
1184 2737 1408 2771 pomosam
1431 2724 1581 2761 audiret.
1611 2723 1684 2758 Do-
