1751 2986
1301 126 1396 154 3(le

31 218 192 253 cedimus
208 219 261 252 sie
281 217 325 252 ad
343 217 661 262 interpositionem,
672 228 779 262 quam
797 218 881 253 dixi.
905 219 970 252 Est
993 218 1269 263 interpositi
1281 229 1313 262 o,
1331 219 1398 253 ubi

32 292 103 315 una
126 291 211 325 pars
229 279 401 314 dividitur
418 280 451 313 iu
467 281 587 324 plures
604 281 715 322 locos,
741 281 868 324 quibus
887 280 1052 314 inseritur
1072 282 1198 323 altera,
1225 291 1268 314 ac
1287 292 1397 324 quum

30 353 141 386 supra
173 342 217 375 de
242 343 517 386 praeparatione
549 343 721 383 dixerim,
754 342 973 386 interpositio
1006 343 1066 375 vel
1096 346 1313 386 praeparata
1344 346 1397 376 est

31 405 90 438 vel
113 414 183 437 non
206 408 271 446 est,
294 405 475 447 habetque
500 405 570 437 hoc
595 405 834 440 commodum,
861 409 899 438 ut
915 404 1024 437 etiam
1050 404 1098 438 ibi
1121 405 1288 438 adhiberi
1313 414 1396 448 pos-

29 465 95 505 sit,
120 466 182 499 ubi
207 477 274 499 non
300 465 495 510 praecessit
518 466 768 510 praeparati03
802 466 837 498 id
872 466 967 509 quod
1002 465 1190 509 aliquoties
1213 466 1352 500 factum
1376 477 1399 500 a

30 527 198 561 Pindaro.
247 529 360 561 Porro
384 527 593 572 interposita
617 539 674 561 res
698 529 757 561 vel
782 528 944 572 mythica
969 532 1023 561 est
1044 529 1103 561 vel
1127 527 1212 570 alia,
1237 529 1397 571 plerum-

29 601 98 633 que
123 594 245 623 tamen
268 589 442 634 mytliica.
503 589 743 623 Usitatissima
768 590 862 622 enim
897 590 1030 622 horum
1055 590 1254 623 carminum
1278 590 1398 625 forma

29 652 123 685 haec
148 655 219 694 est,
245 656 284 685 ut
306 652 427 685 statim
452 656 532 695 post
555 651 779 695 prooemium
806 651 979 684 ludicram
1003 651 1148 684 laudem
1173 652 1318 685 victoris
1342 651 1397 685 di-

29 717 129 747 recta
154 713 316 746 oratione
340 713 521 756 explicare
544 713 691 755 incipiat
716 717 833 755 poeta,
859 724 940 745 mox
966 714 1159 756 abrumpat
1184 717 1217 746 et
1240 717 1399 747 transeat

28 775 75 809 ad
99 775 282 819 mythica,
318 773 353 806 in
377 773 450 807 fine
476 778 596 806 autem
623 774 746 806 redeat
771 778 806 806 et
834 778 995 817 pertexat
1020 774 1199 817 inceptam
1224 774 1397 808 directam

26 837 184 870 laudem.
230 835 353 879 Neque
378 846 465 868 vero
486 835 689 878 promiscue
715 835 835 868 onmia
860 835 1038 879 interponi
1059 840 1205 879 possunt
1228 840 1264 869 ct
1287 836 1397 869 inter-

28 901 218 942 ponuntur,
251 897 316 932 sed
340 907 433 941 quae
457 896 577 940 specie
609 897 693 930 licet
724 897 868 930 diversa
894 908 1023 930 revera
1054 901 1174 931 tamen
1208 898 1399 932 coniuncta

27 960 97 994 sint
119 959 248 1001 rebus,
274 959 402 1004 quibus
426 959 707 1002 interponuntur.
767 960 844 992 llas
869 963 989 992 autem
1014 963 1050 993 et
1071 960 1169 1003 ipsas
1193 970 1236 992 ne
1260 963 1396 993 temere

26 1020 140 1054 dividi
163 1021 307 1062 credas3
331 1021 395 1054 sed
419 1022 611 1065 prudenter
634 1031 678 1054 ea
701 1021 832 1065 ubique
856 1020 891 1054 in
915 1021 986 1054 fine
1007 1022 1241 1062 collocantur,
1268 1022 1397 1064 quibus

27 1081 273 1115 antecedentia
297 1082 452 1116 nituntur
476 1087 511 1116 et
535 1083 766 1126 explicantur.
815 1083 876 1117 Sic
900 1082 999 1116 initio
1025 1083 1245 1126 promittitur
1270 1087 1305 1117 et
1330 1094 1395 1127 pa-

26 1146 126 1176 ratur
150 1144 241 1186 laus,
266 1144 303 1178 in
326 1144 398 1178 fine
415 1148 600 1186 tractatur,
626 1149 663 1178 ut
686 1145 811 1178 Isthm.
827 1145 853 1178 Ι.
882 1147 962 1179 coll.
986 1157 1018 1178 v.
1038 1144 1093 1179 14.
1120 1149 1154 1179 et
1172 1157 1207 1178 v.
1229 1145 1286 1178 32.
1315 1156 1397 1178 cum

26 1215 60 1237 v.
78 1203 124 1238 52
147 1215 266 1249 seqq,
293 1209 354 1240 aut
377 1205 479 1240 initio
504 1206 617 1240 virtus
642 1211 677 1240 et
701 1206 845 1240 fortuna
868 1206 1015 1240 victoris
1041 1207 1243 1252 generatim
1269 1207 1396 1240 lauda-

26 1269 95 1308 tur,
121 1267 155 1300 in
167 1263 251 1301 ’fine
275 1271 455 1310 certamen
480 1267 618 1312 ipsum,
655 1269 748 1312 quod
774 1271 980 1311 peractum,
1016 1273 1055 1302 ut
1080 1268 1137 1301 01.
1167 1268 1224 1301 vl.
1251 1270 1332 1302 coll.
1358 1280 1393 1301 v.

25 1326 48 1360 9
67 1338 166 1371 seqq.
192 1339 274 1361 cum
298 1340 332 1361 v.
357 1327 401 1361 74
423 1341 537 1372 seqq.,
575 1330 631 1364 Ol.
660 1331 751 1363 vill.
779 1331 860 1363 coll.
892 1342 924 1363 v.
949 1329 1003 1363 13.
1030 1341 1111 1362 cum
1136 1341 1170 1362 v.
1199 1329 1266 1371 67„
1291 1330 1393 1363 Nem.

25 1388 101 1422 Vll.
127 1390 248 1423 collat.
273 1389 347 1423 init.
377 1402 458 1423 eum
482 1402 518 1424 v.
543 1390 589 1423 70
612 1403 710 1435 seqq.
759 1391 858 1424 Alias
883 1391 918 1423 iu
944 1391 1062 1434 priore
1088 1395 1190 1434 parte
1214 1395 1396 1426 recentem

25 1454 62 1484 et
83 1450 259 1484 maiorem
284 1451 382 1495 ponit
405 1451 606 1491 victoriani,
632 1452 666 1484 in
691 1453 763 1486 fine
789 1453 937 1496 priores,
962 1453 1038 1486 sive
1062 1454 1158 1486 solas
1187 1453 1265 1486 sive
1290 1465 1395 1497 repe-

25 1512 92 1546 tita
115 1513 294 1546 mentione
319 1512 460 1556 prioris,
486 1519 522 1547 ut
549 1514 604 1547 01.
623 1514 696 1546 vll.
726 1516 806 1547 coll.
826 1526 861 1547 v.
879 1513 923 1547 15
938 1525 1036 1558 seqq.
1063 1526 1144 1548 cum
1162 1527 1196 1549 v.
1217 1514 1262 1548 80
1281 1526 1394 1558 seqq„

26 1571 84 1606 01.
103 1572 166 1606 lx.
193 1573 274 1606 coll.
301 1584 460 1616 prooem.
488 1586 569 1607 cum
594 1586 628 1607 v.
654 1574 698 1608 87
723 1586 836 1619 seqq,
861 1576 963 1609 Nem.
986 1577 1048 1609 ΙΙΙ.
1074 1578 1154 1611 coll.
1177 1589 1210 1611 v.
1229 1577 1283 1610 18.
1311 1589 1395 1610 cum

24 1631 70 1666 70
93 1644 204 1677 seqq„
226 1633 330 1667 Nem.
352 1635 391 1667 V.
418 1637 498 1669 coll.
523 1648 556 1669 v.
584 1635 616 1669 5.
644 1648 726 1670 cum
751 1649 784 1670 v.
810 1636 890 1677 44„
921 1639 1046 1671 lsthm.
1072 1639 1132 1671 111.
1169 1640 1251 1672 coll.
1276 1651 1311 1672 v.
1338 1638 1394 1672 10.

25 1698 62 1729 et
83 1694 139 1729 61.
175 1706 255 1728 cum
278 1695 371 1738 fine,
400 1698 525 1731 lstbm.
553 1698 628 1731 Vll.
654 1700 735 1733 coll.
760 1710 918 1742 prooem.
947 1711 1028 1732 cum
1052 1700 1114 1733 fin.
1171 1702 1225 1734 De
1251 1711 1321 1744 qua
1354 1712 1392 1734 re

24 1755 76 1791 ita
98 1760 257 1801 statuas,
289 1763 472 1792 recentem
496 1764 530 1793 et
554 1760 730 1793 maiorem
753 1765 974 1804 reportatam
1009 1772 1076 1794 non
1101 1762 1176 1795 sine
1202 1762 1393 1805 prioribuS‚

24 1818 153 1862 quibus
174 1830 213 1852 se
238 1823 319 1853 ante
343 1826 556 1856 exercuerat
578 1822 694 1855 victor
718 1826 754 1855 et
772 1827 1055 1866 praeparaverat
1073 1824 1118 1856 ad
1136 1834 1258 1856 sacros
1279 1824 1396 1857 ludos.

24 1880 144 1925 Quum
166 1880 277 1926 igitur
294 1881 473 1925 prioribus
496 1893 606 1916 causa
630 1883 853 1917 contineatur
870 1884 1152 1927 recentissimae,
1178 1885 1395 1929 omninoque

24 1942 81 1976 vis
103 1942 264 1988 ingenita
287 1942 339 1976 sic
363 1943 509 1977 demum
533 1948 605 1978 tota
629 1944 662 1978 in
688 1946 770 1978 luce
793 1950 957 1989 ponatur,
981 1945 1091 1979 etiam
1111 1948 1180 1979 hoc
1199 1948 1306 1980 modo
1331 1959 1395 1980 ex-

25 2004 172 2048 plicatio
195 2005 354 2049 sequitur
376 2017 454 2039 rem
479 2007 743 2050 explicandam.
780 2006 967 2051 Intelliges
992 2006 1055 2046 sic,
1076 2009 1254 2049 quomodo
1278 2008 1393 2040 mino-

24 2076 83 2099 res
107 2070 187 2110 post
209 2067 385 2100 maiorem
407 2067 559 2100 laudare
575 2067 693 2101 liceat.
729 2068 803 2100 Res
828 2067 968 2107 eadem,
993 2067 1055 2100 ubi
1076 2068 1202 2101 eodem
1225 2070 1305 2102 loco
1324 2070 1392 2102 mi-

24 2137 131 2160 nores
154 2131 235 2171 post
257 2127 435 2161 maiorem
458 2132 696 2169 recensentur,
723 2132 761 2162 ut
787 2129 894 2171 Pyth.
914 2128 977 2169 lx,
1000 2128 1045 2162 75
1064 2141 1161 2173 seqq.
1210 2130 1281 2164 Ubi
1306 2142 1393 2164 vero

24 2188 61 2223 iu
84 2188 202 2232 prima
227 2193 329 2232 parte
356 2188 502 2222 victoris
531 2199 684 2222 coronae
714 2190 958 2232 celebrantur,
984 2190 1018 2223 in
1043 2191 1115 2224 fine
1139 2191 1257 2236 gentis
1280 2192 1394 2226 virtus

25 2253 61 2284 et
81 2261 140 2284 res
162 2254 300 2296 gestae,
324 2254 362 2284 ut
385 2249 442 2284 Ol.
469 2250 568 2284 Xlll.
592 2249 694 2284 Nem.
721 2251 777 2284 lv.
803 2251 929 2285 lsthm.
954 2252 1030 2294 lv„
1057 2253 1167 2287 etiam
1192 2253 1252 2287 hie
1278 2254 1394 2299 gentis

23 2311 132 2345 laude
163 2312 339 2356 explicari
369 2315 456 2355 puta
491 2312 637 2345 victoris
672 2313 950 2356 praestantiam,
985 2314 1116 2357 quippe
1147 2315 1228 2348 inde
1263 2319 1392 2349 ortam.

25 2373 158 2406 Verum
173 2385 217 2407 ne
242 2373 394 2407 afferam
418 2375 534 2417 plura,
559 2373 672 2417 vides,
698 2386 807 2418 quam
833 2375 982 2419 egregie
1008 2386 1063 2408 res
1083 2376 1286 2410 dividantur
1310 2378 1391 2410 ubi-

25 2444 94 2477 que
117 2434 192 2477 sic,
216 2438 255 2468 ut
277 2435 393 2469 exitus
417 2436 552 2469 nodum
575 2437 705 2470 solvat.
756 2437 893 2480 Quibus
919 2436 1107 2480 explicatis
1131 2442 1283 2480 apparet
1308 2437 1393 2480 iam,

24 2495 147 2540 qualia
170 2497 362 2531 commoda
385 2501 500 2531 totum
523 2498 596 2532 hoc
620 2498 804 2532 divisionis
842 2503 875 2532 ct
900 2497 1174 2541 interpositionis
1198 2499 1393 2532 artificium

24 2556 171 2592 habeat.
203 2559 441 2603 Suspenditur
460 2559 613 2600 animus,
639 2560 723 2603 quia
748 2560 911 2594 differtur
932 2560 1025 2602 quod
1050 2559 1231 2604 inceptum
1256 2564 1333 2594 erat
1357 2564 1392 2594 et

22 2618 262 2663 interponitur
280 2622 375 2665 quod
391 2632 521 2656 novam
538 2621 839 2666 exspectationem
858 2625 992 2663 movet,
1016 2621 1098 2655 finis
1115 2626 1235 2657 autem
1252 2622 1393 2656 initium

1026 2682 1121 2707 ****
