1794 2982
318 136 399 176 334
795 131 1156 173 EXCURSUS
1196 131 1225 171 1.

319 242 396 275 Iovi
421 240 591 281 maximo,
616 239 672 272 cui
697 239 864 273 universa
884 239 1056 283 Olympia
1082 248 1207 278 sacra3
1234 237 1279 271 cf.
1302 236 1358 271 Ol.
1386 237 1446 271 XI.
1472 236 1594 280 ibique
1619 246 1680 269 no-

319 307 404 336 tata.
449 302 572 344 Neque
600 312 683 333 vero
708 302 825 333 solum
851 301 896 333 ab
917 300 1014 333 Eleis
1039 300 1325 339 sacrificabatur,
1350 301 1411 332 sed
1429 299 1536 332 etiam
1563 309 1584 331 a
1605 309 1682 331 cer-

320 363 493 397 tatoribus
523 362 689 394 ludorum
722 362 926 394 instantium
952 361 1136 404 plurimis,
1172 366 1207 395 et
1243 373 1353 404 quum
1387 360 1495 393 etiam
1521 359 1685 392 civitates

321 425 416 457 aliae
441 425 576 456 multae
602 424 764 467 «θεωρίας
789 422 980 463 mitterent,
1006 423 1135 455 harum
1161 435 1300 466 quoque
1323 422 1545 467 legationum
1569 419 1684 453 sacri—

321 485 406 518 ficia
433 496 541 527 saepe
567 485 636 517 hoc
662 484 719 517 die
744 484 842 517 facta
868 490 962 527 puta.
999 485 1052 516 De
1072 484 1252 528 θεωρίαις
1276 483 1363 526 ipsis
1387 483 1430 516 cfr
1450 480 1684 516 welckeri

319 546 489 579 Addenda
512 547 556 579 ad
581 546 661 579 libr.
688 546 731 578 de
751 546 892 589 Trilog.
913 545 1083 588 Aeschyl.
1106 557 1139 588 p.
1155 545 1232 578 131.
1262 549 1312 585 [et
1331 545 1382 577 M.
1401 545 1447 577 Η.
1464 545 1503 576 Ε.
1526 544 1562 575 M
1574 542 1685 575 eieri

323 607 661 641 commentariolum
694 607 736 639 de
769 607 881 639 sacris
906 607 1128 639 Graecorum
1160 606 1398 650 legationibus
1435 605 1568 638 editum
1599 605 1685 637 Hal.

322 671 454 703 Saxon.
491 667 607 711 1837]
666 666 950 700 Sacrificabatur
991 671 1110 699 tamen
1144 672 1332 710 praeterea
1374 666 1483 700 etiam
1519 666 1685 698 ludorum

322 730 448 763 dicbus
473 728 601 772 partim
629 739 649 760 a
675 727 892 767 civitatibus,
918 738 1028 769 quum
1051 727 1252 771 legationes
1275 738 1401 760 sacrae
1426 727 1535 760 etiam
1562 726 1596 759 in
1622 725 1687 759 tali

323 796 483 834 tempore
508 789 727 822 sacrificium
758 800 862 821 suum
888 790 1019 822 offerre
1045 792 1205 831 possent,
1237 789 1348 822 veluti
1373 788 1605 822 Athenienses
1628 787 1685 820 fa—

325 853 421 884 ciunt
447 852 539 894 apud
566 850 780 883 Andocid.
808 849 842 882 in
867 849 1044 882 Alcibiad.
1072 862 1106 893 p.
1134 849 1209 882 154.
1237 851 1339 883 Bekk
1363 877 1372 891 ,
1406 850 1536 893 partim
1562 859 1583 881 a
1607 859 1686 880 cer-

323 912 520 952 tatoribus,
552 916 590 944 ut
615 911 776 943 l'saumis
804 910 902 942 t’ind.
928 910 983 943 01.
1011 911 1051 944 V.
1077 912 1111 944 in
1136 912 1208 944 aris
1235 912 1424 945 duodecim
1449 912 1597 943 deorum
1623 920 1687 952 per

322 985 384 1007 sex
409 973 485 1006 dics
508 973 733 1005 sacrificasse
759 971 900 1004 dicitur.
947 972 1096 1005 Praesto
1122 978 1222 1006 erant
1247 973 1354 1006 simul
1369 971 1519 1016 μάντεις
1539 969 1687 1014 plurimi

324 1047 366 1068 ex
391 1034 555 1074 Iamidis,
590 1033 787 1073 Telliadis,
823 1034 1016 1076 Clytiadis,
1053 1034 1113 1076 qui
1138 1036 1288 1067 oracula
1322 1046 1363 1067 ex
1389 1032 1578 1066 sacrificiis
1602 1032 1686 1064 ede-

322 1100 420 1135 rent3
449 1095 494 1127 cf.
522 1095 568 1127 ad
588 1095 643 1127 Ol.
665 1093 757 1125 vm.
790 1093 863 1125 init.
912 1093 1081 1127 Ceterum
1106 1096 1310 1128 habebatur
1334 1094 1368 1127 in
1395 1093 1567 1137 Olympia
1591 1104 1687 1135 πομ-

321 1156 410 1199 πικὴ
439 1153 547 1196 ὁδός,
582 1166 651 1198 qua
677 1160 710 1187 et
734 1155 892 1199 θεωρίαι
917 1155 1137 1188 sollemniter
1162 1156 1344 1189 intrabant
1370 1156 1404 1188 in
1429 1155 1525 1188 Altin
1550 1158 1584 1187 et
1609 1165 1688 1187 cer-—

321 1222 475 1258 tatores,
511 1216 570 1259 qui
596 1226 767 1259 pompam
791 1215 869 1248 Iovi
895 1216 1091 1259 ducebant,
1128 1221 1166 1250 ut
1197 1228 1342 1250 carmen
1367 1217 1423 1250 01.
1450 1217 1507 1250 lv,
1533 1219 1569 1249 et
1591 1215 1685 1248 vm.

323 1279 358 1312 in
391 1278 621 1321 tali-pompa
655 1281 856 1317 cantatum3
900 1278 1134 1322 magnificam
1168 1290 1255 1312 vero
1289 1289 1459 1322 pompam
1495 1276 1688 1320 aliquando

322 1339 530 1372 Alcibiades
561 1339 680 1380 duxit,
715 1350 824 1381 quum
861 1342 1025 1382 πομπεῖα
1059 1341 1203 1383 publica
1235 1341 1334 1373 urbis
1365 1341 1410 1373 ab
1445 1337 1690 1384 ἄρχιθεαὶροις

323 1400 514 1445 legationis
537 1400 765 1434 Atheniensis
791 1400 921 1433 callide
947 1406 1128 1435 mutuatus
1153 1406 1257 1443 esset,
1282 1407 1321 1436 ut
1343 1403 1423 1435 loco
1449 1401 1508 1434 cit.
1532 1399 1688 1434 Andoci-

323 1463 385 1495 des
416 1467 548 1495 narrat.
610 1463 801 1495 Veniamus
835 1463 879 1494 ad
912 1463 1055 1496 ludos.
1116 1464 1369 1507 Antiquissimo
1394 1468 1556 1506 tempore
1580 1473 1690 1495 unum

323 1524 419 1557 diem
445 1525 610 1557 ludorum
644 1523 755 1556 fuisse
781 1523 968 1566 probabile
1003 1528 1074 1566 est,
1107 1529 1144 1558 ut
1168 1526 1342 1559 Pindarus
1374 1524 1495 1558 statuit
1525 1524 1582 1557 01.
1607 1524 1690 1563 xl.;

321 1581 499 1628 paulatim
523 1590 641 1618 tamen
667 1587 789 1629 plures
814 1585 920 1626 sacti,
958 1590 991 1619 et
1015 1587 1081 1620 nisi
1102 1588 1218 1631 prius,
1245 1591 1340 1620 certe
1363 1587 1445 1619 inde
1478 1586 1524 1619 ab
1550 1585 1607 1618 01.
1631 1584 1689 1620 77.

323 1646 477 1689 quinque
513 1652 631 1687 erant,
670 1648 861 1680 memorati
885 1648 1040 1680 Pindaro
1067 1648 1122 1681 Ol.
1148 1649 1187 1690 V,
1213 1648 1243 1681 6.
1293 1650 1386 1682 Tum
1413 1648 1600 1692 βουθυσία
1625 1647 1689 1679 de-

323 1708 416 1740 cimo
441 1708 498 1740 die
525 1713 621 1750 erat,
653 1709 733 1741 inde
760 1709 804 1741 ab
831 1708 1021 1741 undecimo
1045 1721 1132 1741 vero
1158 1711 1358 1754 agebantur
1382 1709 1477 1750 ludi,
1512 1712 1549 1740 ut
1572 1708 1689 1741 Scho-

323 1768 444 1802 liastes
469 1768 519 1801 ibi
544 1768 663 1801 tradit.
696 1771 768 1804 Sed
794 1771 866 1803 iam
892 1771 935 1803 de
961 1770 1083 1803 ordine
1108 1772 1343 1804 certaminum
1364 1771 1572 1804 videndum.
1605 1769 1690 1802 Pin-

323 1831 430 1864 darus
456 1831 512 1864 01.
540 1832 619 1872 XL,
652 1833 714 1865 ubi
740 1832 911 1876 Olympia
942 1833 988 1865 ab
1014 1833 1171 1865 Hercule
1204 1833 1362 1866 instituta
1396 1832 1584 1873 describit,
1620 1832 1690 1864 hoc

324 1899 398 1928 tum
424 1894 547 1926 ordine
574 1898 748 1927 certatum
773 1899 914 1936 narrat,
949 1905 1106 1935 eursu,
1139 1896 1283 1936 lucta,
1316 1894 1556 1939 pugilatu,
1582 1904 1690 1925 cur-

322 1957 476 1998 ribus,
512 1956 690 1990 iaculis
724 1957 970 1999 discoque,
1007 1967 1049 1988 ac
1075 1967 1184 1998 quum
1210 1957 1279 1988 hoc
1305 1956 1355 1988 ibi
1381 1961 1486 2001 agat,
1520 1959 1560 1988 ut
1584 1965 1690 1998 prae-

322 2022 438 2051 sentes
462 2018 550 2050 ritus
574 2018 619 2049 ab
646 2019 805 2051 Ilercule
830 2021 989 2061 repetat,
1014 2017 1115 2050 vides
1140 2018 1233 2050 hunc
1259 2017 1376 2060 ipsum
1402 2017 1574 2051 historico
1598 2021 1690 2049 tem-

323 2090 409 2122 pore
435 2079 669 2112 certaminum
696 2080 858 2112 ordinem
882 2078 1015 2120 fuisse,
1052 2079 1119 2112 nisi
1146 2081 1242 2124 quod
1267 2091 1330 2123 pro
1356 2079 1558 2111 iaculorum
1584 2077 1692 2110 disci-

323 2153 391 2184 que
416 2141 511 2173 iactu
536 2141 711 2184 singulari
735 2140 851 2173 maius
878 2140 1093 2183 quinquertii
1112 2146 1293 2173 certamen
1318 2140 1557 2180 substitutum,
1586 2148 1690 2181 prae-

324 2206 378 2235 ter
402 2202 466 2234 illa
492 2204 733 2245 complectens
759 2202 831 2235 alia
856 2202 925 2234 tria
951 2214 1097 2247 genera.
1145 2203 1195 2236 Ac
1231 2213 1385 2242 cursum,
1411 2202 1559 2239 luctam,
1585 2198 1691 2243 pugi-

322 2265 433 2297 latum
461 2264 511 2296 sic
539 2275 577 2297 se
603 2263 796 2307 excepisse,
823 2267 861 2296 ut
879 2263 1054 2298 Pindarus
1077 2264 1173 2305 dicit,
1200 2264 1306 2297 etiam
1331 2275 1394 2306 per
1418 2273 1455 2295 se
1475 2272 1579 2294 nemo
1597 2259 1692 2292 serio

323 2324 559 2363 dubitaverim
595 2330 675 2367 post
709 2327 830 2359 curule
858 2337 943 2359 vero
970 2331 1152 2359 certamen
1189 2325 1234 2357 ad
1259 2323 1520 2367 quinquertium
1545 2325 1691 2354 ventum

323 2397 400 2418 esse
435 2385 545 2418 etiam
583 2398 625 2418 cx
658 2388 971 2429 Xenophonte
1005 2390 1102 2430 patet
1133 2386 1224 2419 Hist.
1264 2385 1325 2417 Gr.
1352 2384 1433 2423 vll,
1464 2381 1506 2424 4,
1530 2382 1592 2413 29:
1628 2380 1693 2414 καὶ

322 2443 390 2490 τὴν
414 2445 479 2489 μὲν
505 2446 755 2491 ἱπποδρομίαν
776 2447 847 2490 ἤδη
868 2446 1137 2490 ἐπεποιήκεσαν
1162 2446 1222 2480 καὶ
1250 2445 1297 2479 τὰ
1324 2442 1481 2490 δρομικὰ
1508 2443 1576 2476 τοῦ
1603 2454 1694 2476 πεν-

321 2507 490 2548 τάθλου,
526 2509 563 2541 h.
590 2520 619 2540 e.
655 2512 794 2550 partem
821 2508 1047 2550 quinquertii.
1104 2508 1226 2550 Neque
1259 2518 1326 2539 non
1362 2507 1449 2539 illud
1487 2510 1586 2539 recte
1610 2504 1694 2548 poni

322 2570 478 2611 videtur,
513 2570 587 2603 iam
620 2568 810 2611 antiquitus
842 2570 944 2610 plura
977 2579 1112 2612 genera
1146 2567 1274 2608 fuissc3
1313 2568 1406 2610 quod
1447 2566 1541 2599 enim
1572 2567 1692 2599 Pau-

322 2632 485 2664 sanias
519 2631 599 2664 libr.
626 2631 674 2672 Υ,
707 2630 739 2662 8.
766 2630 873 2662 tradit
906 2634 940 2663 et
974 2631 1053 2663 lul.
1089 2629 1340 2662 Africanus
1373 2629 1469 2672 apud
1495 2627 1693 2660 Eusebium

321 2697 402 2737 post
435 2704 575 2726 cursum
609 2692 666 2726 01.
703 2691 758 2725 18.
792 2693 926 2725 luctam
955 2695 989 2725 et
1014 2690 1276 2735 quinquertium
1310 2694 1518 2735 receptum,
1554 2689 1609 2723 01.
1637 2687 1693 2721 23.
