1751 2986
302 186 383 212 xxll

302 275 449 311 victoris
480 274 572 308 inest
598 273 756 307 maxime
787 284 864 305 sua.
912 271 1083 306 Proxima
1105 276 1184 307 sunt
1216 283 1236 305 e
1260 271 1428 304 ludorum
1452 269 1544 304 locis
1568 278 1660 312 quae

303 338 427 383 petita.
461 336 542 380 Quo
567 333 662 368 enim
686 334 766 366 loco
792 333 944 367 certavit
965 334 1082 368 victor
1106 337 1141 367 et
1165 343 1336 367 coronam
1358 330 1569 375 reportavit,
1590 330 1662 363 hu-

248 389 255 393 *
304 399 360 433 ius
383 398 514 431 heroes
538 396 584 428 ab
611 406 652 428 eo
676 394 822 427 minime
848 395 976 437 alieni3
1018 396 1178 430 imitatus
1212 399 1265 428 est
1294 393 1445 427 virtutes
1479 395 1514 425 et
1537 390 1664 425 laudes

305 469 430 493 eorum
463 457 632 490 certando
664 459 700 488 et
732 460 898 489 movetur
929 457 1077 502 gravius
1107 457 1268 491 tristibus
1292 466 1416 489 eorum
1442 453 1602 494 casibus,
1633 451 1664 485 si

304 520 390 565 quid
415 522 578 552 errarunt
602 516 688 550 olim
713 520 748 549 et
771 524 964 559 peccarunt
987 519 1056 552 sibi
1079 531 1171 552 nunc
1195 518 1415 557 cavendum3
1452 526 1562 559 quare
1584 517 1665 547 tan-

307 587 383 616 tum
418 581 540 621 abest,
570 584 609 612 ut
641 577 831 621 displiceat
862 579 894 612 in
918 579 1074 613 Pindaro
1100 581 1171 613 hoc
1195 590 1308 624 genus
1332 578 1538 611 fabularum
1563 574 1665 619 quasi

308 641 451 686 longius
474 640 645 684 petitum,
681 644 719 672 ut
751 642 977 683 praeclaram
1015 642 1089 675 vim
1121 642 1256 674 habeat
1291 644 1326 674 et
1356 638 1499 673 laudari
1535 637 1666 670 debeat

305 714 536 748 magnopere.
568 702 729 744 Denique
753 703 862 736 etiam
890 703 1033 736 tertium
1058 714 1184 749 genus,
1208 703 1315 736 nullis
1339 700 1541 734 huiusmodi
1567 709 1668 732 com-

306 764 421 799 modiS
445 765 624 804 adiutum,
651 763 728 806 quis
752 775 820 796 non
843 765 948 798 sentit
971 767 1095 810 legens
1119 769 1291 809 quantum
1313 767 1432 796 tamen
1455 762 1515 794 vel
1535 760 1586 793 sic
1600 770 1668 794 va·

306 828 379 860 leat
402 827 480 858 sola
504 825 667 869 mythica
691 825 870 869 gravitate
895 837 969 859 sua.
1020 828 1218 860 Commune
1244 829 1324 858 sunt
1348 825 1534 867 speculum
1556 822 1667 856 fabu-

307 880 365 921 lae
390 886 562 927 omnium,
588 890 621 919 et
645 886 725 919 fieri
744 899 811 919 non
829 893 955 931 potest,
981 889 1062 932 quin
1083 886 1346 921 commovearis
1367 885 1516 929 penitus,
1540 883 1605 917 ubi
1618 883 1668 916 si-

306 948 497 982 millimam
529 947 654 980 videas
684 960 804 981 rerum
835 953 979 983 tuarum
1007 949 1205 994 imaginem
1230 960 1249 981 e
1273 947 1444 992 mythicis
1468 945 1669 980 traditioni-

305 1010 373 1043 bus
397 1009 618 1042 suscitatam.
653 1010 769 1053 Atque
786 1010 837 1044 ita
855 1011 1019 1045 convenit
1038 1011 1148 1045 etiam
1167 1010 1308 1054 poesios
1323 1007 1557 1049 sublimioris,
1577 1017 1668 1050 qua·

305 1072 350 1105 lis
374 1071 469 1103 haec
494 1070 640 1102 chorica
663 1071 889 1105 Doriensium
914 1077 977 1114 est,
1001 1071 1130 1105 rationi
1156 1075 1189 1104 et
1213 1070 1368 1115 ingenie,
1393 1080 1485 1112 quae
1509 1068 1669 1102 maxima

307 1143 470 1176 quaeque
504 1135 662 1164 tractare
693 1143 757 1165 nec
789 1133 984 1176 quidquam
1012 1134 1219 1166 fabularum
1252 1143 1273 1165 a
1296 1142 1334 1164 se
1359 1130 1517 1164 alienum
1542 1133 1670 1173 putare

306 1195 433 1235 debet,
470 1193 600 1236 quibus
624 1195 896 1239 magnificentia
919 1195 1195 1234 sententiarum,
1229 1204 1316 1236 quas
1342 1191 1458 1235 ponit,
1491 1189 1670 1224 declarari

306 1256 428 1300 possit.
478 1256 550 1288 Sed
585 1256 628 1288 de
666 1256 837 1289 choricae
872 1257 1013 1300 poesios
1046 1256 1227 1300 gravitate
1260 1254 1332 1287 iam
1358 1255 1403 1287 ab
1431 1253 1512 1286 aliis
1536 1252 1670 1286 dictum

306 1322 370 1351 est.
418 1317 580 1359 Denique
604 1320 717 1349 totum
740 1317 941 1360 mythicum
976 1316 1115 1350 dicendi
1149 1327 1262 1361 genus
1285 1316 1395 1349 etiam
1419 1326 1486 1347 non
1514 1313 1671 1347 monitus

306 1380 408 1413 vides
432 1378 540 1411 simul
563 1378 655 1410 illud
679 1379 908 1411 commodum
932 1377 1090 1418 habere,
1127 1377 1222 1420 quod
1246 1380 1281 1409 et
1304 1377 1382 1410 laus
1406 1375 1594 1409 iucundior
1618 1377 1671 1408 est

307 1440 482 1474 indirecta
507 1449 615 1483 quam
641 1439 798 1481 directa,
825 1444 859 1473 et
883 1438 1137 1483 reprehensio,
1172 1442 1206 1471 et
1230 1442 1418 1481 potuerunt
1444 1437 1551 1470 etiam
1574 1435 1671 1480 poli-

306 1503 400 1536 ticae
425 1513 483 1534 res
507 1499 697 1545 graviores
727 1499 780 1532 sic
811 1500 958 1533 tractari
991 1500 1120 1532 decore
1153 1503 1187 1531 et
1211 1499 1329 1543 digne.
1378 1497 1546 1542 Mythica
1571 1500 1671 1531 aetas

307 1562 514 1603 transierat,
557 1561 621 1593 sed
651 1560 846 1603 reliquerat
878 1560 1106 1603 sequentibus
1135 1560 1356 1603 temporibus
1387 1558 1671 1602 pulcherrimum

307 1625 536 1665 thesaurum,
562 1632 629 1665 quo
656 1625 838 1654 uterentur
864 1621 923 1664 qui
947 1621 1076 1654 scirent
1101 1622 1147 1654 ad
1171 1621 1308 1664 optima
1333 1630 1507 1662 quaeque.
1555 1619 1671 1663 Atque

306 1687 378 1720 hoc
401 1689 479 1719 tum
502 1683 634 1717 eximie
659 1682 839 1715 callebant
863 1682 968 1726 lyrici
993 1687 1120 1725 poetae
1137 1682 1384 1726 imprimisque
1400 1681 1587 1722 Pindarus,
1612 1680 1673 1724 qui

308 1746 511 1780 incredibili
530 1744 695 1779 acumine
708 1743 956 1790 praesentibus
965 1745 1071 1777 rebus
1091 1743 1234 1776 fabulas
1255 1742 1517 1784 accommodat,
1543 1753 1671 1786 quem-

307 1809 504 1842 admodum
529 1807 574 1840 ad
597 1806 740 1850 singula
767 1806 928 1839 carmina
957 1805 1072 1839 docui.
1122 1806 1285 1839 Tenebat
1312 1816 1419 1848 quam
1444 1804 1529 1837 dicit
1551 1802 1671 1848 λόγων

306 1868 497 1915 κορυφάν,
533 1868 804 1912 deprehendens
828 1868 962 1911 ubique
984 1867 1182 1909 facillime,
1216 1867 1297 1910 quid
1322 1867 1453 1899 inesset
1475 1866 1513 1899 in
1536 1864 1672 1899 fabulis

308 1936 369 1966 aut
389 1931 470 1965 elici
495 1933 614 1974 posset
637 1930 809 1962 suaviter.
842 1930 973 1963 Verum
997 1930 1088 1963 haec
1105 1930 1296 1968 hactenus3
1323 1929 1422 1961 iuvat
1435 1938 1528 1960 nunc
1548 1937 1670 1960 exem-

308 1993 378 2038 plis
403 1993 539 2036 aliquot
562 2001 653 2034 quae
678 1991 723 2023 de
746 2001 812 2023 usu
836 1990 1044 2024 fabularum
1067 1990 1141 2024 dixi
1160 1991 1350 2024 illustrare.
1399 1989 1505 2033 Pyth.
1524 1990 1569 2022 X.
1588 1999 1672 2021 cum

306 2055 414 2089 laude
437 2052 622 2087 felicitatis
641 2052 826 2085 coniuncta
844 2051 989 2095 pietatis
1008 2056 1042 2085 et
1057 2051 1252 2084 modestiae
1271 2050 1467 2084 admonitio
1487 2054 1551 2092 est,
1578 2050 1673 2093 quod

309 2116 454 2150 directis
489 2114 612 2148 verbis
646 2114 849 2147 declaratur
886 2123 908 2147 a
940 2113 1115 2157 principio
1148 2114 1195 2146 ad
1228 2125 1263 2145 v.
1286 2111 1341 2145 29.
1391 2113 1487 2146 Tum
1511 2111 1672 2145 eiusdem

307 2178 358 2211 rei
391 2177 509 2211 ideale
546 2176 751 2218 exemplum
776 2175 966 2208 exhibetur
988 2185 1053 2218 per
1075 2174 1241 2207 fabulam
1264 2174 1308 2207 de
1333 2173 1602 2218 Hyperboreis,
1635 2173 1673 2207 in

308 2250 376 2282 quo
408 2237 571 2282 mythico
606 2237 741 2279 populo
775 2235 919 2278 pietatis
950 2240 985 2270 et
1014 2236 1199 2270 felicitatis
1225 2235 1387 2279 perfecta
1411 2236 1564 2268 societas
1589 2243 1672 2267 con-

308 2300 467 2344 spicitur.
516 2297 633 2331 Simul
664 2296 811 2340 propius
843 2308 924 2330 eum
953 2297 1152 2341 originibus
1175 2296 1338 2329 familiae
1363 2296 1523 2329 victricis
1546 2296 1674 2329 fabula

308 2372 402 2395 nexa
427 2364 481 2394 est
505 2371 570 2403 per
594 2359 787 2400 Perseum,
823 2357 1046 2403 gentilicium
1069 2358 1146 2390 eius
1170 2357 1340 2397 heroem,
1367 2361 1404 2389 ut
1426 2357 1587 2399 videtur,
1613 2355 1674 2400 qui

307 2423 447 2457 delatus
479 2421 525 2455 ad
548 2421 808 2464 Hyperboreos
840 2420 972 2452 vidisse
1011 2419 1142 2453 dicitur
1175 2429 1265 2461 quae
1299 2422 1405 2462 poeta
1431 2422 1566 2451 narrat.
1609 2416 1674 2451 Sic

311 2487 466 2529 augetur
490 2482 742 2516 admonitionis
763 2481 829 2515 vis.
856 2499 897 2506 —
926 2481 980 2515 Ol.
998 2480 1043 2513 ll.
1070 2479 1270 2512 coniunctio
1298 2480 1536 2513 adversarum
1560 2483 1597 2512 et
1614 2489 1673 2512 se·

311 2545 509 2590 cundarum
541 2555 664 2577 rerum
698 2542 730 2575 in
763 2541 943 2576 Theronis
978 2541 1054 2575 vita
1086 2540 1279 2584 conspicua
1311 2540 1341 2573 si
1374 2540 1511 2574 directa
1534 2543 1674 2574 tantum

308 2608 468 2641 oratione
491 2610 645 2640 tractata
670 2608 774 2646 esset,
798 2604 1055 2648 philosophum
1081 2601 1197 2646 potius
1222 2601 1358 2646 egisset
1371 2601 1547 2635 Pindarus
1563 2611 1673 2645 quam

308 2674 477 2714 poetam3
515 2679 607 2701 nunc
637 2665 801 2711 mythica
834 2669 1080 2709 proponuntur
1112 2667 1148 2697 et
1179 2662 1388 2707 proponitur
1413 2661 1673 2696 Cadmidarum

306 2731 491 2775 antiquum
516 2729 644 2771 fatum,
670 2728 764 2762 unde
788 2727 970 2761 descendit
991 2727 1126 2769 Thero,
1153 2735 1224 2768 quo
1248 2724 1346 2758 sacto
1370 2723 1550 2758 revocatis
1571 2723 1672 2758 'rhe-
