1751 2986
1394 155 1470 184 XCV

108 254 351 290 Probabiliter
373 251 602 294 Eustathius3
633 255 669 286 et
699 251 750 286 sic
774 249 1048 284 Boeckhius
1077 250 1160 284 ante
1182 247 1319 282 editum
1340 248 1471 283 Eusta-

108 317 228 352 thium
258 316 494 351 iudicaverat.
546 313 640 348 Nam
673 325 753 347 cum
778 312 908 347 Suidas
939 312 1057 346 obisse
1089 311 1127 345 in
1160 311 1303 344 theatro
1324 310 1472 353 scribat,

108 378 277 412 Valerius
294 377 475 411 Maximus
489 376 554 416 lx,
572 375 628 417 12,
646 375 677 409 7.
704 375 739 408 in
761 373 963 419 gymnasio,
986 373 1186 418 suspicatur
1204 373 1234 406 B
1247 372 1471 406 oeckhius

108 440 276 475 ludorum
300 439 577 483 spectandorum
601 437 720 482 gratia
748 437 784 470 in
810 438 1097 480 Peloponnesum
1120 433 1320 478 profectum
1341 445 1472 477 repen·

109 501 185 535 tino
208 511 287 534 esse
310 500 386 534 fato
410 510 623 543 oppressum
646 498 683 532 in
707 499 784 542 ipso
819 498 1056 532 certaminum
1087 498 1186 538 loco,
1218 496 1279 539 qui
1310 499 1345 529 et
1367 495 1472 529 thea-

110 566 207 596 trum
232 565 268 595 et
291 561 522 606 gymnasium
545 560 615 593 dici
642 560 803 603 potuerit.
851 562 898 594 Et
921 572 1002 593 cum
1024 559 1133 603 Argis
1156 557 1274 591 obisse
1295 560 1472 598 narretur,

111 623 148 658 in
170 622 326 657 Heraeis
349 622 426 656 sive
449 621 731 656 Hecatombaeis
762 626 917 656 mortem
951 621 1144 666 contigisse
1167 623 1291 663 putat,
1315 619 1362 652 ad
1386 628 1475 661 quos

111 685 217 723 ludos
249 680 552 719 concelebrandos
583 682 680 715 filias
718 694 841 716 secum
865 682 1064 717 adduxerit.
1110 683 1187 715 Eae
1213 681 1350 714 cineres
1371 681 1474 714 The-

114 746 180 781 bas
202 748 441 790 reportarunt,
467 743 530 776 ubi
554 744 759 786 sepulcrum
783 744 818 777 in
845 745 1086 788 hippodromo
1110 747 1191 777 ante
1215 745 1338 786 portas
1363 741 1474 775 Proe-

111 806 206 842 tidas
236 807 328 842 vidit
351 803 548 840 Pausanias
570 803 643 844 lx,
667 801 733 844 23,
756 803 786 836 2.
846 805 989 839 Scimus
1013 804 1108 838 enim
1141 806 1322 838 clarorum
1356 802 1477 836 homi-

113 879 199 902 num
232 879 386 913 peregre
417 869 641 900 mortuorum
682 875 764 898 ossa
794 866 893 899 haud
935 877 1017 899 raro
1050 876 1073 899 a
1113 864 1240 909 patriis
1270 864 1477 898 civitatibus

114 927 304 963 ambitiose
332 927 486 971 repetita
517 930 552 960 et
587 925 772 970 religionis
807 938 916 961 causa
947 928 1008 961 vel
1042 939 1062 961 e
1097 926 1355 960 remotioribus
1387 925 1477 959 locis

115 990 263 1024 domum
293 991 497 1032 reportata,
528 987 629 1020 cuius
659 987 713 1020 rei
748 990 914 1032 exempla
947 990 1103 1032 plurima
1128 988 1277 1032 collegit
1300 988 1340 1020 C.
1366 987 1477 1021 Kei-

114 1050 209 1085 lius
240 1050 416 1084 Analectt.
440 1048 642 1093 Epigraph.
670 1053 705 1082 et
729 1049 982 1095 Onomatolog.
1008 1049 1109 1084 1842.
1146 1062 1180 1093 p.
1206 1047 1252 1082 34
1275 1060 1349 1092 seq.
1407 1048 1479 1082 Mi·-

115 1112 212 1146 nime
236 1115 359 1146 autem
383 1111 580 1144 audiendus
605 1114 658 1144 est
682 1111 727 1143 R.
749 1111 960 1156 Ungerus
984 1112 1103 1146 Theb.
1127 1111 1258 1146 Parad.
1282 1110 1309 1144 Ι.
1336 1122 1370 1153 p.
1386 1109 1479 1152 302„

117 1173 191 1218 qui,
206 1175 396 1217 postquam
412 1171 551 1205 Thebis
576 1171 694 1204 obisse
710 1170 906 1207 Pindarum
931 1175 1050 1217 plures
1067 1177 1233 1207 auctores
1250 1172 1388 1205 referre
1412 1184 1479 1205 non

117 1245 205 1269 vere
227 1233 381 1277 scripsit,
404 1232 532 1266 fraude
557 1233 878 1277 grammaticorum
902 1234 955 1268 rei
978 1234 1220 1268 narrationem
1244 1235 1480 1277 depravatam

119 1298 252 1330 censet.
309 1294 446 1338 Nempe
478 1294 670 1327 nescivisse
701 1293 783 1327 illos
817 1294 853 1327 in
876 1294 1029 1328 Boeotia
1058 1296 1174 1339 Argos
1211 1296 1390 1339 appellari
1418 1307 1481 1328 ur-

118 1356 205 1390 bem
225 1354 386 1401 regionis
410 1355 456 1388 ad
480 1355 681 1389 Euboicum
706 1366 806 1389 mare
831 1357 1034 1400 vergentis,
1069 1368 1175 1400 quam
1200 1357 1482 1400 praeterfluebat

119 1418 281 1462 Asopus3
314 1429 349 1451 v.
374 1417 541 1451 Strabon.
566 1417 628 1450 IX.
660 1429 695 1460 p.
728 1415 808 1449 404.
840 1419 1001 1462 Hesych.
1034 1430 1060 1452 s.
1087 1431 1121 1451 v.
1147 1417 1270 1463 ’Ἄργος
1299 1416 1480 1453 ‘Yoivmom

120 1479 266 1514 Nollem
299 1489 343 1512 eo
377 1478 537 1512 delatum
568 1479 686 1512 virum
710 1480 861 1523 moleste
886 1481 1039 1514 doctum.
1094 1480 1187 1513 Nam
1219 1484 1254 1513 et
1288 1480 1482 1525 Epigram-

121 1542 229 1577 matis
252 1544 376 1575 auctor
397 1540 520 1583 ξείνην
543 1537 733 1585 πυρκαϊὴν
757 1540 921 1583 profecto
946 1541 1154 1585 confingere
1188 1552 1257 1574 non
1282 1542 1397 1585 potuit
1419 1554 1482 1574 ne-

122 1615 192 1648 que
224 1603 401 1637 Pindarus
428 1613 537 1635 senex
565 1601 796 1646 gymnasium
831 1607 892 1635 aut
915 1603 1096 1635 theatrum
1119 1603 1291 1649 ignobilis
1323 1604 1484 1647 oppiduli

122 1665 283 1700 aditurus
304 1668 402 1706 erat,
425 1663 566 1697 etiamsi
589 1663 822 1708 gymnasium
853 1668 915 1698 aut
938 1665 1121 1698 theatrum
1151 1665 1200 1700 ibi
1225 1665 1336 1699 fuisse
1355 1666 1485 1711 largiri

124 1726 159 1762 iu
182 1726 344 1763 animum
364 1725 559 1760 induxeris.

215 1909 413 1946 Pindarum
443 1910 635 1954 poetarum
657 1907 834 1943 Graeciae
865 1909 1064 1954 lyricorum
1088 1910 1288 1954 principem
1312 1911 1489 1945 exstitisse

129 1971 331 2009 communis
355 1977 408 2006 est
432 1975 468 2005 et
499 1969 723 2003 consentiens
757 1981 827 2003 vox
850 1975 1027 2004 veterum.
1075 1971 1123 2004 Ut
1145 1973 1328 2006 Homerus
1349 1972 1488 2017 simpli-

130 2035 218 2070 citer
240 2033 260 2072 ὁ
283 2031 463 2078 ποιητής,
494 2032 752 2074 Aristophanes
776 2031 794 2065 ὁ
821 2030 998 2075 κωμικός,
1031 2033 1263 2076 Thucydides
1285 2032 1305 2068 ὁ
1331 2046 1491 2081 συγγρα-

130 2094 241 2141 φεύς,
275 2095 327 2130 ita
354 2094 533 2129 Pindarus
563 2104 650 2137 prae
682 2092 811 2126 ceteris
835 2092 854 2127 ὁ
879 2092 1026 2137 λυρικός
1049 2094 1227 2128 vocitatus
1250 2099 1321 2136 est;
1358 2109 1390 2130 v.
1417 2097 1491 2130 Eu-

129 2157 239 2193 stath.
260 2157 371 2190 Hom.
395 2155 436 2189 ss.
463 2166 498 2198 p.
521 2152 555 2196 4,
579 2153 611 2187 8.
659 2153 761 2187 Nunc
794 2155 992 2189 carminum
1022 2155 1212 2190 historiam
1244 2158 1368 2201 paucis
1391 2170 1491 2192 com-

130 2219 354 2264 plectamur,
384 2215 421 2250 in
445 2215 575 2259 quibus
597 2216 658 2248 vel
680 2215 884 2260 digerendis
915 2217 976 2250 vel
1000 2218 1230 2251 emendandis
1253 2219 1492 2263 explicandis-

132 2291 202 2326 que
232 2279 372 2314 infinita
406 2278 586 2322 quaedam
627 2276 732 2321 copia
762 2277 1048 2312 doctissimorum
1084 2280 1272 2314 hominum
1300 2281 1494 2325 antiquitus

133 2340 335 2376 desudavit.
381 2340 485 2383 Quae
508 2342 700 2382 antequam
731 2339 778 2372 ad
801 2339 962 2373 criticam
987 2351 1152 2374 normam
1175 2342 1437 2388 castigarentur
1458 2348 1494 2378 et

133 2401 412 2446 interpretandis
440 2401 500 2434 vel
522 2400 675 2445 singulis
700 2401 823 2435 verbis
845 2403 905 2435 vel
927 2402 1034 2436 rebus
1065 2402 1245 2437 historicis
1267 2408 1302 2438 et
1324 2405 1495 2450 mythicis

136 2463 424 2506 declarandoque
452 2462 519 2496 fini
550 2465 586 2496 et
614 2463 797 2507 proposito
830 2466 958 2507 poetae
979 2463 1176 2499 intellectui
1197 2466 1386 2500 hominum
1409 2467 1495 2500 sub-

137 2525 341 2567 veniretur,
378 2523 534 2568 primum
567 2535 660 2568 quae
701 2535 827 2568 sparsa
855 2524 1064 2560 ferebantur
1103 2528 1345 2561 contrahenda
1381 2531 1495 2571 erant,

138 2589 324 2621 contracta
343 2586 569 2632 singularum
592 2587 764 2622 classium
779 2586 983 2622 discrimine
1006 2588 1249 2632 disponenda..
1284 2588 1378 2623 Nam
1401 2588 1497 2633 quod

140 2647 381 2692 Quintilianus
410 2649 495 2684 inst.
528 2648 629 2685 Orat.
662 2649 765 2691 vm,
795 2649 836 2691 6,
868 2648 925 2683 71.
967 2653 1003 2684 et
1029 2650 1179 2684 Servius
1209 2651 1298 2684 Aen.
1330 2651 1387 2693 X,
1417 2650 1497 2685 738.

140 2712 287 2754 poetam
317 2709 437 2754 ipsum
457 2707 626 2756 ”Ί’μνων,
659 2710 841 2747 Παιάνων
869 2713 950 2747 rell.
974 2711 1121 2747 nomina
1142 2712 1298 2758 singuiis
1316 2712 1421 2748 libris
1442 2712 1497 2747 in-
