1751 2986
303 141 354 169 XX

307 237 341 268 ct
363 233 508 267 urbium
531 229 744 273 conspicua3
781 226 929 259 fabulae
953 228 1032 258 sunt
1056 224 1258 258 divinarum
1284 226 1320 256 et
1343 223 1584 256 humanarum
1607 231 1666 254 re-

307 306 387 328 rum
410 291 656 338 pulcherrima
681 291 715 322 et
740 285 963 319 sanctissima
978 286 1113 330 imago.
1147 286 1249 329 Quae
1269 295 1379 327 quum
1393 283 1443 316 ita
1457 283 1537 324 sint,
1562 293 1667 326 quem

309 356 344 388 in
369 355 480 388 finem
504 352 650 385 fabulas
680 350 717 382 in
741 347 886 381 Pindari
912 347 1130 380 carminibus
1153 346 1289 390 positas
1313 344 1476 377 dicamus
1499 346 1666 386 apparet:

311 415 451 460 positae
476 416 574 453 sunt,
600 415 637 444 ut
660 407 899 454 praestantiae
925 407 1021 448 eius,
1051 408 1149 441 c11ius
1172 407 1317 440 laudem
1342 405 1514 438 sententia
1537 403 1669 437 carmi-

313 477 366 511 nis
389 475 542 514 haheat,
569 476 603 505 et
625 480 834 515 poenarum,
858 468 922 501 ubi
941 468 1024 511 quid
1042 468 1389 511 reprehendendum,
1413 467 1531 499 ideale
1548 476 1670 498 exem-

313 540 413 582 plum
439 535 541 569 adsit.
572 533 652 567 Non
677 543 766 574 opus
791 535 844 564 est
866 530 976 563 hodie
1000 530 1162 563 refutare
1186 529 1349 571 pluribus
1373 528 1466 571 quod
1483 526 1571 560 olim
1587 537 1671 559 cen-

314 600 451 638 sebant,
475 594 714 640 digressiones
739 602 800 625 eas
824 602 903 624 esse
929 602 950 624 a
975 591 1135 624 themate
1159 590 1342 633 proposito
1367 588 1536 622 carminis
1560 590 1595 621 et
1618 586 1671 620 in-

315 660 399 703 opia
423 668 543 690 rerum
568 654 766 688 Pindarum
793 653 838 686 ad
862 653 1025 697 mythica
1049 653 1254 695 delapsum3
1280 655 1417 684 tantum
1443 649 1537 682 enim
1559 649 1674 690 abest,

315 725 355 754 ut
378 719 539 752 discedat
570 727 591 749 a
619 717 780 749 themate
806 718 924 757 poeta,
951 717 990 746 ut
1014 713 1124 757 ipsius
1149 712 1318 746 thematis
1344 711 1589 755 pulcherrima
1611 710 1675 743 de-

318 781 467 816 claratio
490 779 525 811 in
550 777 684 812 fabulis
707 775 801 810 insit.
849 776 961 808 Error
984 775 1050 808 iste
1076 775 1157 807 inde
1182 778 1286 807 natus
1311 777 1374 815 est,
1400 774 1495 817 quod
1514 774 1677 806 themata

317 845 448 877 horum
472 839 670 873 carminum
697 848 766 870 non
789 840 887 869 recte
913 836 1214 880 intelligebantur.
1252 836 1332 869 Alia
1355 835 1529 868 sententia
1547 833 1678 868 eximie

316 904 496 948 explicata
520 913 542 934 a
566 900 654 934 viris
679 899 792 932 doctis
818 899 911 931 haec
936 902 999 940 est,
1024 899 1069 931 ad
1095 897 1280 941 publicam
1304 897 1462 930 maxime
1481 895 1579 928 urbis
1597 897 1677 928 lau—

320 968 403 1000 dem
427 963 571 997 fabulas
598 961 815 1005 propositas3
849 959 981 992 civium
1013 959 1185 992 victoriae
1219 963 1253 992 et
1276 960 1408 991 decora
1438 969 1550 1001 quum
1571 956 1679 990 simul

320 1027 365 1060 ad
391 1024 546 1069 patriam
571 1023 726 1065 deosque
752 1021 892 1065 patriae
917 1022 1087 1053 tutelares
1107 1019 1352 1063 pertinuerint,
1375 1018 1514 1062 patriae
1532 1018 1680 1051 laudem

320 1089 384 1134 agi
407 1086 633 1131 potissimum
658 1083 693 1116 in
717 1081 773 1115 his
801 1081 1018 1114 carminibus
1042 1084 1077 1113 et
1099 1091 1280 1114 summum
1299 1091 1422 1113 eorum
1440 1080 1566 1114 thema
1582 1089 1679 1120 esse3

321 1150 428 1184 huius
452 1148 564 1192 igitur
586 1145 722 1189 priscas
742 1142 886 1175 fabulas
906 1142 1110 1175 excitandas
1127 1141 1250 1183 fuisse,
1277 1152 1319 1174 ac
1340 1152 1450 1184 quum
1465 1140 1581 1174 victor
1596 1149 1682 1184 pars

322 1214 415 1244 esset
439 1208 611 1248 civitatis,
648 1206 699 1239 sic
730 1204 911 1237 communi
945 1204 1052 1236 laude
1085 1204 1160 1236 eius
1193 1204 1339 1237 laudem
1371 1203 1681 1246 comprehensam.

319 1271 491 1304 Profecto
524 1272 662 1301 certum
694 1270 746 1299 est
776 1269 811 1298 et
842 1265 990 1298 minime
1015 1265 1165 1298 dubium
1192 1265 1299 1298 simul
1322 1263 1430 1297 etiam
1454 1263 1600 1307 publica
1622 1273 1683 1295 or-

322 1333 491 1364 namenta
515 1338 594 1361 esse
616 1327 824 1370 praeclaras
847 1327 915 1359 has
938 1326 1094 1367 fabulas,
1119 1337 1184 1359 nec
1207 1328 1323 1370 potest
1346 1326 1506 1368 pulcrior
1520 1327 1601 1358 laus
1621 1335 1682 1357 ur-

321 1392 423 1424 bium
446 1388 608 1430 inveniri,
633 1398 740 1430 quam
767 1397 859 1430 quae
883 1386 918 1421 in
942 1387 998 1419 his
1017 1386 1189 1430 Epinieiis
1211 1387 1385 1427 habetur3
1411 1391 1549 1433 certum
1573 1385 1683 1420 etiam

322 1452 408 1486 huic
434 1450 557 1495 generi
582 1448 724 1492 poesios
747 1449 905 1481 maxime
930 1448 1121 1481 convenire
1146 1448 1236 1480 tales
1254 1447 1420 1490 publicas
1436 1446 1588 1480 civitatis
1604 1447 1684 1480 lau-

324 1514 410 1553 des3
436 1512 499 1544 sed
516 1521 586 1543 non
603 1509 742 1543 sufficit
760 1513 881 1543 tamen
898 1510 992 1542 haec
1012 1508 1216 1542 observatio
1229 1509 1274 1541 ad
1283 1507 1557 1551 explicationem
1575 1517 1685 1550 quae-

324 1571 449 1606 stionis
472 1569 692 1614 propositae.
731 1570 892 1604 Primum
917 1570 1009 1603 enim
1034 1571 1235 1613 complures
1258 1573 1337 1602 sunt
1363 1569 1512 1602 fabulae
1536 1579 1602 1601 non
1619 1579 1685 1612 pe-

324 1634 412 1667 titae
443 1643 462 1664 e
486 1631 594 1663 rebus
619 1630 823 1665 domesticis
848 1631 965 1672 urbis,
1000 1631 1093 1663 unde
1117 1630 1252 1673 victor,
1289 1631 1399 1664 veluti
1423 1630 1531 1675 Pyth.
1551 1630 1612 1663 xl.
1640 1629 1687 1664 ad

326 1693 544 1728 Thebanum
578 1691 695 1726 civem
728 1693 886 1727 narratio
921 1694 964 1726 dc
988 1692 1296 1737 Agamemnoniae
1326 1692 1452 1725 domus
1482 1690 1687 1733 infortunio,

327 1755 430 1789 Nem.
452 1754 514 1787 lx.
541 1753 587 1786 ad
613 1754 824 1788 Chromium
848 1755 1115 1799 Syracusanum
1139 1753 1297 1787 narratio
1323 1753 1366 1786 de
1387 1752 1528 1786 Adrasti
1550 1755 1585 1786 et
1599 1752 1686 1786 Am-

325 1816 468 1860 phiarai
493 1815 619 1856 rebuS,
652 1815 709 1849 01.
727 1816 755 1849 Ι.
795 1816 840 1849 ad
863 1815 1059 1848 Hieronem
1084 1815 1212 1848 fabula
1236 1816 1279 1848 de
1302 1815 1439 1858 Pelope
1462 1818 1498 1848 et
1520 1814 1687 1856 Tantalo,

327 1878 441 1921 Pyth.-
461 1877 504 1909 11.
537 1877 580 1909 de
607 1875 746 1918 Ixione,
782 1876 890 1920 Pyth.
915 1877 978 1910 111.
1012 1877 1056 1909 de
1083 1876 1279 1917 Coronide3
1312 1886 1406 1919 quae
1431 1886 1554 1909 omnes
1579 1885 1688 1918 quum

326 1939 466 1973 alienae
490 1937 559 1971 sint
590 1948 612 1970 a
645 1936 762 1980 patria
786 1936 934 1970 victoris
967 1949 1032 1971 nec
1057 1938 1248 1981 quidquam
1282 1938 1328 1971 ad
1363 1948 1445 1970 eam
1476 1936 1689 1979 pertineant,

328 2011 474 2034 necesse
499 2003 552 2032 est
576 1999 792 2032 concedatur
816 2003 850 2033 ct
865 2010 994 2032 revera
1014 1999 1220 2032 conceditur
1239 1999 1347 2032 etiam
1372 1998 1613 2042 digressiones
1627 2007 1689 2030 eas

328 2073 406 2095 esse
429 2072 509 2093 cum
534 2059 672 2103 reliquo
698 2059 857 2093 carmine
883 2071 1012 2104 parum
1038 2072 1166 2102 nexae,
1191 2065 1297 2104 atque
1321 2061 1371 2094 ita
1396 2060 1442 2093 ad
1467 2070 1550 2093 eam
1571 2059 1689 2103 ipsam

327 2123 505 2156 rationem
529 2122 742 2163 reducimur,
768 2133 876 2164 quam
899 2122 1140 2155 reieceramus
1158 2125 1196 2152 ut
1212 2120 1369 2153 Pindaro
1388 2121 1586 2165 indignam.
1616 2121 1690 2154 De-

327 2183 410 2217 inde
434 2193 542 2225 quum
568 2182 679 2215 etiam
707 2182 827 2215 forma
850 2182 1063 2216 narrationis
1090 2180 1263 2224 explicari
1287 2182 1417 2215 debeat
1440 2183 1594 2226 ubique,
1628 2193 1691 2214 cur

329 2243 380 2277 sic
406 2254 473 2275 non
499 2242 601 2275 aliter
626 2246 780 2276 tractata
803 2243 849 2277 sit
872 2244 1016 2285 fabula,
1043 2254 1105 2275 cur
1128 2242 1283 2284 talibus,
1309 2254 1377 2276 non
1403 2243 1483 2277 aliis
1506 2241 1690 2276 sententiis

328 2302 456 2339 ethicis
480 2303 655 2345 distincta,
679 2305 793 2339 veluti
816 2305 963 2339 fabulae
988 2305 1031 2338 de
1050 2304 1216 2338 Aeacidis
1242 2303 1332 2337 alias
1357 2304 1463 2337 aliter
1480 2306 1689 2344 tractantur,

329 2366 438 2399 etiam
463 2366 534 2398 hoc
558 2365 680 2398 multis
704 2365 738 2399 in
764 2367 982 2401 carminibus
1006 2377 1073 2399 non
1098 2366 1269 2409 expedias
1294 2377 1337 2399 ex
1361 2365 1425 2399 illa
1438 2365 1578 2398 ratione
1598 2365 1687 2398 sola.

327 2426 388 2461 Sic
412 2426 521 2470 Pyth.
537 2426 597 2459 lx.
623 2426 751 2461 fabula
774 2428 819 2462 de
844 2429 985 2472 Cyrena
1009 2428 1171 2472 nympha
1196 2427 1307 2461 etiam
1328 2427 1427 2460 urbis
1442 2427 1589 2460 laudem
1605 2426 1689 2460 iuu-

328 2487 436 2521 strari
459 2486 629 2528 obvium,
664 2492 700 2522 at
737 2500 798 2522 cur
829 2489 880 2522 sic
912 2500 992 2522 eam
1023 2488 1231 2523 tractaverit
1265 2499 1287 2522 a
1310 2487 1487 2532 principio
1510 2488 1556 2521 ad
1578 2487 1689 2521 finem

327 2548 524 2589 Pindarus,
546 2552 584 2581 ut
607 2550 782 2592 pudorem
807 2554 842 2584 et
865 2550 1117 2584 verecundiam
1142 2550 1277 2583 amoris
1302 2550 1588 2591 commendaret,
1614 2548 1689 2583 vim

329 2613 365 2642 et
388 2609 574 2643 indecoros
599 2610 664 2643 sub
692 2609 776 2644 divo
800 2613 988 2655 amplexus
1011 2611 1302 2656 reprehenderet,
1328 2612 1424 2644 nullo
1448 2611 1556 2644 modo
1582 2609 1689 2644 intel-

328 2669 443 2714 ligas,
477 2670 543 2704 nisi
573 2671 719 2714 propius
745 2672 791 2706 ad
815 2663 990 2707 victorem
1013 2674 1107 2708 haec
1131 2673 1252 2706 omnia
1275 2671 1479 2707 retraxeris.
1529 2672 1586 2706 ol.
1612 2670 1686 2704 vll.

1377 2771 1392 2787 Ι
