1751 2986
312 111 434 139 LXVIII

312 202 527 238 Eustathius
550 202 582 243 S.
602 199 658 233 25.
678 212 711 244 p.
731 199 786 232 14.
822 199 1005 239 παλαιοὺς
1028 209 1112 231 suos
1136 198 1247 232 vitam
1273 201 1402 242 poetae
1421 195 1606 241 scripsisse
1631 195 1682 230 ait

313 264 409 300 κατά
428 277 466 299 τε
488 261 728 307 Πλούταρχον
754 260 815 294 καὶ
841 259 997 305 ἑτέρους.
1030 261 1098 293 His
1116 261 1343 304 proluserant
1365 259 1539 293 historiae
1556 258 1682 292 litera-

253 344 261 350 ·
315 328 392 361 riae
418 325 631 365 conditores,
655 322 751 355 docti
774 321 952 364 homines,
977 322 1036 365 qui
1061 335 1080 356 e
1106 322 1295 365 disciplina
1313 322 1512 356 Aristotelis
1530 319 1683 364 profecti

316 389 412 422 vitas
438 389 663 419 vetustorum
696 387 885 426 poetarum
922 385 1102 417 illustrare
1140 383 1247 427 primi
1282 386 1506 417 conarentur.
1571 382 1683 416 Prae-

317 454 373 484 ter
395 449 559 492 lapidum
583 450 617 479 et
642 444 921 478 domesticorum
942 450 1253 478 monumentorum
1272 445 1476 478 testimonia
1499 445 1579 488 ipsa
1603 454 1684 477 car-

318 510 417 544 mina
443 512 631 553 poetarum
657 507 774 540 fontes
799 506 963 549 primarii
986 507 1149 548 fuerunt,
1183 518 1224 538 ex
1250 506 1377 548 quibus
1402 518 1495 550 quae
1519 506 1565 540 ad
1588 505 1685 550 ipsos

320 573 445 614 poetas
479 572 644 612 spectare
676 568 883 601 viderentur
914 569 975 601 vel
1005 568 1092 600 scite
1125 568 1324 602 elicuerunt
1353 570 1413 602 vel
1437 580 1502 612 per
1534 567 1609 602 vim
1633 570 1687 601 te-

320 643 419 665 mere
446 633 678 664 extorserunt.
737 630 888 662 Illorum
922 628 1180 673 disputationes
1205 634 1333 663 auctae
1356 634 1482 674 postea
1507 632 1544 663 et
1565 641 1688 663 emen-

322 694 429 727 datae
455 695 537 725 sunt
562 692 607 724 ab
642 690 792 724 literatis
824 690 1094 730 Alexandrinis,
1125 690 1185 733 qui
1218 691 1415 726 ditissimae
1445 692 1689 726 bibliothecae

323 754 435 798 copiis
454 753 650 787 assidentes
668 751 785 784 studia
804 762 869 784 sua
890 739 935 785 ad
952 752 1186 796 corrigendos
1204 754 1519 797 explanandosque
1538 752 1690 797 scripto-

321 827 381 849 res
413 818 555 848 veteres
587 811 820 856 applicabant
843 825 908 846 nec
933 814 977 846 de
1011 813 1084 847 vita
1109 814 1287 857 rebusque
1320 826 1447 848 eorum
1479 815 1692 849 omittebant

325 887 516 921 quaerere.

416 937 488 971 Sed
525 946 651 969 eorum
684 936 845 969 omnium
886 939 920 970 et
953 940 1072 970 aetate
1105 940 1139 971 et
1177 937 1393 971 auctoritate
1432 938 1599 982 princeps
1640 941 1693 972 est

326 999 642 1033 Chamaeleon
674 998 989 1040 Heracleota,
1030 998 1310 1042 Peripateticus,
1347 999 1596 1043 Theophrasti
1630 1011 1693 1033 ae-

325 1060 461 1105 qualis,
504 1060 564 1103 qui
607 1058 691 1103 περὶ
730 1057 920 1103 Πινδάρου
959 1060 1092 1093 librum
1132 1061 1313 1101 ediderat,
1354 1062 1452 1094 cuius
1491 1062 1694 1095 ubertatem
1744 1046 1745 1051 ¹

325 1123 411 1157 libri
437 1133 480 1155 ex
504 1120 680 1154 Athenaei
704 1121 880 1154 memoria
904 1121 1001 1162 XIII,
1025 1120 1103 1154 573.
1132 1122 1170 1154 C.
1196 1121 1303 1155 facile
1328 1123 1578 1164 aestimamus3
1611 1123 1695 1158 vide

328 1185 374 1219 ad
401 1184 551 1217 Scolior.
574 1183 620 1215 fr.
645 1182 677 1215 1.
727 1184 890 1215 Eundem
914 1183 1125 1215 Eustathius
1149 1195 1183 1225 p.
1209 1182 1265 1215 19.
1304 1182 1341 1215 in
1362 1184 1607 1218 testimonium
1628 1196 1695 1218 vo-

330 1250 398 1280 cat.
446 1247 499 1279 Ex
521 1244 769 1278 Alexandrinis
793 1244 1127 1276 commemorandus
1149 1244 1267 1277 Ister
1292 1248 1355 1287 est,
1382 1245 1426 1277 de
1450 1248 1696 1288 praeceptore,

330 1308 431 1341 cuius
468 1308 674 1350 exemplum
714 1309 943 1347 sequeretur,
985 1304 1291 1338 Callimachii
1325 1316 1525 1349 cognomen
1561 1310 1697 1340 nactus.

330 1370 441 1403 Cuius
466 1367 716 1401 auctoritatem
753 1377 834 1398 cum
859 1367 1141 1400 Chamaeleonte
1176 1366 1361 1411 coniungit
1376 1367 1594 1401 'Eustathius
1616 1369 1640 1402 I.
1667 1380 1697 1401 c.

330 1432 403 1465 Sed
426 1430 610 1474 peculiare
635 1428 806 1471 scriptum
835 1428 878 1460 de
902 1427 1060 1461 Pindaro
1084 1439 1152 1461 non
1177 1428 1319 1461 videtur
1343 1429 1563 1463 confecisse:
1587 1430 1699 1474 igitur

330 1493 452 1528 Praef.
479 1491 644 1525 Eustath.
671 1502 704 1533 p.
723 1490 799 1522 vll.
824 1489 925 1522 illam
949 1490 1163 1523 memoriam
1188 1490 1235 1523 ad
1257 1490 1390 1523 librum
1416 1492 1507 1534 Istri,
1532 1492 1591 1526 cui
1616 1495 1700 1527 Με-

331 1555 496 1589 λοποιῶν
521 1553 664 1585 titulum
688 1550 884 1592 indiderat,
914 1550 1045 1584 referri
1069 1551 1201 1584 debere
1226 1551 1373 1584 conieci.
1429 1553 1516 1586 Vide
1541 1564 1632 1596 quae
1656 1564 1701 1586 ex

333 1617 397 1650 illo
421 1618 566 1649 servata
591 1617 670 1646 sunt
695 1613 787 1656 apud
815 1612 1028 1646 Siebelin
1054 1625 1087 1656 p.
1113 1612 1158 1646 73
1181 1624 1279 1656 seqq.
1304 1617 1338 1647 et
1360 1614 1576 1648 Historicor.
1608 1615 1700 1647 vett.

334 1679 544 1721 Fragment.
582 1686 604 1708 a
636 1676 675 1708 C.
711 1676 944 1708 Muellero
976 1674 1127 1707 Parisiis
1160 1686 1273 1718 nuper
1307 1674 1404 1708 edita
1435 1686 1469 1718 p.
1503 1674 1582 1707 425.
1619 1675 1701 1708 coll.

335 1739 537 1773 Clinton.
562 1738 660 1769 Fast.
686 1738 783 1769 IIell.
809 1737 875 1769 lll.
903 1749 936 1780 p.
962 1735 1041 1769 509.
1101 1736 1235 1769 Verum
1267 1736 1382 1769 editor
1412 1724 1599 1770 Parisinus
1633 1747 1702 1780 quo

336 1802 413 1835 iure
437 1796 678 1838 ,Μελοποιοὺς
711 1799 756 1831 ad
783 1799 912 1831 Istrum
936 1798 1055 1846 potius
1079 1797 1341 1840 Callatianum,
1378 1810 1484 1841 quem
1507 1798 1590 1843 περὶ
1613 1811 1704 1844 τρα-

335 1863 473 1909 γῳδίας
510 1859 623 1894 καλὸν
665 1859 807 1904 βιβλίον
838 1858 1023 1902 scripsisse
1054 1859 1260 1902 Stephanus
1291 1860 1381 1904 Byz.
1407 1871 1434 1892 s.
1458 1872 1494 1893 v.
1523 1858 1708 1900 Κάλλατις

335 1924 436 1958 testis
461 1927 525 1965 est,
549 1921 703 1956 voluerit
727 1920 874 1962 referre,
895 1920 972 1964 ipse
996 1920 1138 1954 viderit.
1183 1922 1299 1954 Immo
1323 1922 1355 1955 si
1378 1922 1474 1965 quod
1498 1922 1610 1963 aliud,
1634 1923 1706 1956 hoe

336 1985 502 2030 profecto
526 1984 700 2027 scriptum
724 1982 941 2016 Callimachi
968 1985 1154 2017 aemulum
1178 1984 1293 2017 decet.

428 2048 570 2080 Horum
603 2046 790 2078 doctorum
822 2044 926 2078 libris
959 2048 993 2077 et
1026 2045 1056 2077 si
1089 2045 1148 2088 qui
1173 2045 1316 2078 fuerunt
1349 2049 1491 2089 praeter
1521 2046 1590 2078 hos
1621 2055 1706 2078 usus

338 2113 392 2142 est
416 2108 704 2142 Plutarchus
729 2106 1094 2149 fflmeronensis,
1120 2107 1209 2140 civis
1232 2107 1390 2150 Pindari,
1415 2119 1459 2140 ex
1484 2106 1583 2140 cuius
1607 2118 1707 2140 com—

337 2169 515 2203 mentario
557 2169 607 2202 de
637 2169 736 2202 vita
772 2167 1031 2212 Daiphanti
1077 2173 1120 2203 et
1150 2169 1349 2203 Pindari
1373 2170 1410 2213 1)
1449 2170 1623 2213 pleraque
1660 2168 1707 2202 ad

371 2301 381 2317 Ῑ

391 2297 407 2339 )
432 2296 802 2384 {5¹225220510‘i2‘ihsss
795 2308 802 2327 ¹
817 2296 1593 2384 ‘12⁸1¹3⁶s33115?;}{1.{¹.¹⁰1⁵.1..‘}1¹3”113.15{.⁵.S¹¹1?.¹.¹..⁰J
1602 2295 1708 2373 1555?ss

436 2386 557 2428 ponit:
593 2387 675 2428 περὶ
709 2387 778 2420 τοῦ
805 2386 996 2429 Κράτητος
1023 2388 1106 2431 βιου
1130 2387 1193 2420 καὶ
1218 2385 1439 2430 Δαϊφάντου
1472 2386 1534 2420 καὶ
1563 2383 1708 2420 Πινδα-

431 2432 716 2472 ρου.’1ίῐυῐι15
752 2432 817 2463 fuit
862 2433 971 2471 Βιος
1006 2433 1297 2475 Δαὶφυὶντου
1331 2432 1408 2466 καὶ
1444 2430 1706 2476 Πινδαρου.

433 2477 544 2517 Collig
528 2489 567 2507 σο
601 2489 642 2508 vx
672 2477 785 2509 l’hotii
818 2478 1049 2510 bibliothecis
1083 2491 1158 2521 cap.
1187 2480 1307 2510 CLXI.
1335 2491 1367 2522 p.
1399 2479 1469 2511 177.
1505 2478 1706 2520 Hoeschel.‚

431 2535 465 2565 p.
497 2523 571 2562 104
596 2523 674 2563 1»,ss
738 2524 803 2554 Bel
810 2524 900 2558 ker
929 2524 987 2566 qui
1012 2525 1103 2556 inter
1128 2525 1215 2564 ali.‚1
1252 2536 1340 2568 qnae
1367 2526 1516 2566 Sopater
1543 2524 1708 2580 Sophista

429 2569 462 2599 in
493 2580 598 2609 opere
625 2567 782 2610 ἐκλογῶν
808 2568 1002 2612 διαφόρων
1029 2551 1389 2613 (’xcerpse1'.¹1t‚xi(lit
1416 2576 1550 2612 sumpta
1574 2568 1636 2603 καὶ
1669 2567 1709 2602 ἐκ

429 2614 495 2647 τοῦ
524 2611 714 2658 Κοάτητος
739 2615 823 2658 βίου
850 2613 1133 2657 Δαϊφάντου
1166 2627 1212 2649 τε
1245 2628 1322 2649 και
1351 2614 1598 2658 Πινδάρου
1624 2615 1709 2647 Plu-

429 2659 551 2693 toeuchi.
599 2660 654 2691 Sic
681 2660 768 2692 enim
798 2672 838 2692 ex
864 2662 1161 2705 praestantissimo
1188 2662 1312 2694 codice
1338 2662 1564 2694 Bessarioneo
1595 2660 1709 2693 edidit
