1751 2986
285 578 357 634 F.
399 575 475 633 G.
518 575 1158 636 SGHNEIDEWINI

696 693 759 722 DE

79 777 293 822 VITA
353 778 465 822 ET
525 775 948 821 SCRIPTIS
1004 777 1379 822 PINDARI

369 883 617 925 BREVIS
654 883 1078 924 DISPUTATIO.

0 1190 1 1193 Ἴ
45 1128 237 1202 Quinque
275 1163 425 1186 numero
458 1157 648 1198 supersunt
688 1154 785 1187 vitae
817 1153 964 1186 Pindari
1009 1164 1143 1198 graece
1174 1153 1410 1197 conscriptae.

0 1254 1 1258 Ἰ
43 1213 181 1247 Earum
195 1214 351 1248 vitarum
377 1215 493 1258 prima
515 1220 568 1249 est
591 1227 613 1249 a
631 1217 805 1250 Thomu
829 1215 1060 1259 Magistro
1085 1215 1242 1248 Srholiis
1268 1216 1314 1249 ab
1334 1215 1411 1259 ipso

45 1275 280 1309 conformatis
314 1277 538 1320 praeposita3
580 1279 695 1311 altera
728 1277 823 1320 apud
859 1276 1047 1310 Suidam
1082 1281 1215 1316 exstat3
1255 1277 1412 1319 tertiam,

43 1347 151 1380 quam
184 1338 331 1370 Vitam
364 1337 610 1370 metricam
645 1339 830 1381 appellare
856 1338 1126 1378 cousuevimuS‚
1157 1338 1321 1371 versibus
1346 1339 1412 1372 he-

41 1397 151 1430 roicis
193 1399 490 1442 comprehensam
524 1400 675 1440 xxm„
716 1411 757 1431 ex
801 1399 956 1431 editione
989 1400 1156 1432 Romana
1195 1404 1412 1443 acceperunt

42 1459 279 1502 posteriores;
314 1470 427 1504 nuper
452 1471 495 1493 ex
520 1459 711 1492 Eustathio
735 1459 956 1492 intellectum
983 1464 1035 1493 est
1068 1460 1140 1493 iam
1169 1471 1190 1493 a
1230 1462 1410 1495 veteribus

41 1519 308 1553 enarratoribus
342 1520 545 1564 appositam
579 1520 702 1553 fuisse.
758 1521 837 1564 Ego
871 1525 988 1553 aetate
1015 1522 1173 1563 priorum
1209 1523 1409 1566 imperato-

39 1590 122 1613 rum
145 1580 395 1615 Romanorum
426 1586 613 1616 consutam
645 1593 786 1615 censeo.
840 1582 1007 1625 Sequitur
1041 1587 1166 1626 quarto
1201 1585 1281 1616 loro
1306 1585 1409 1618 Vita

39 1641 445 1676 Vratislaviensis
476 1654 498 1676 a
532 1644 571 1676 C.
609 1643 652 1675 G.
686 1643 984 1676 Schneidero
1018 1644 1187 1677 Nicandri
1212 1646 1408 1679 'ruerint-c.

39 1715 75 1747 p.
101 1704 163 1737 XV
186 1715 281 1748 seq.‚
312 1710 392 1749 post
422 1705 468 1738 ab
493 1704 534 1737 A.
559 1705 805 1737 Boeckhio
841 1715 923 1738 cnm
956 1705 1072 1738 tribus
1108 1706 1288 1749 prioribus
1313 1707 1409 1741 edita

40 1769 122 1799 ante
145 1766 304 1801 Scholia.
351 1767 427 1801 Illis
452 1778 565 1811 nuper
589 1767 733 1799 demum
759 1767 909 1800 accessit
936 1767 1027 1808 vita,
1054 1778 1145 1810 quae
1170 1768 1238 1801 fuit
1262 1769 1307 1801 ab
1334 1770 1407 1802 Eu-

39 1827 172 1862 stathio
196 1828 395 1872 praemissa
419 1828 684 1861 commentariis
708 1829 780 1861 suis
798 1828 1013 1870 Pindaricis,
1039 1829 1096 1871 qni
1126 1830 1276 1872 periere,
1302 1842 1408 1873 prae—

38 1893 94 1922 ter
125 1891 350 1933 prooemium
384 1890 550 1934 quidem3
575 1891 669 1934 quod
694 1895 916 1934 protractum
942 1902 985 1923 cx
1009 1891 1132 1923 codice
1158 1891 1359 1924 Rasileensi
1383 1903 1406 1926 a

38 1950 117 1983 Th.
149 1951 192 1984 L.
224 1953 265 1985 F.
298 1952 490 1987 Tafelio
524 1951 559 1985 in
598 1952 790 1995 Opusculis
814 1952 994 1984 Eustachii
1017 1952 1186 1984 Francos.
1215 1953 1260 1985 ad
1285 1953 1407 1986 Moen.

38 2010 141 2045 1832.
168 2024 252 2046 mox
276 2015 469 2058 repetitum
495 2018 548 2047 est
571 2025 654 2047 mea
680 2025 768 2046 cura
793 2013 989 2055 Gottingae
1014 2011 1115 2045 1837.

126 2073 183 2106 Ex
214 2073 272 2106 his
302 2075 386 2107 vitis
414 2075 684 2108 vratislaviensi
720 2080 755 2107 ct
786 2073 1046 2106 Eustathianae
1084 2074 1245 2107 maxima
1278 2074 1406 2109 simili-

38 2133 122 2167 tudo
147 2137 212 2176 est,
235 2135 298 2167 sed
323 2140 361 2168 ut
378 2137 589 2169 Eustathius
613 2140 648 2169 et
672 2136 778 2178 copia
801 2146 921 2167 rerum
946 2138 981 2167 ct
1002 2135 1170 2168 orationis
1195 2136 1405 2181 integritate

37 2195 205 2228 universe
233 2196 352 2230 vincat
370 2198 534 2231 alteram.
572 2199 787 2241 Quanquam
813 2197 923 2229 etiam
943 2196 1232 2230 Vratislaviensis
1252 2208 1316 2230 sua
1335 2197 1405 2230 sibi

37 2256 150 2290 habet
172 2257 287 2299 bona,
312 2262 351 2291 ut
373 2258 435 2300 fit,
472 2259 534 2291 ubi
558 2259 690 2292 diversi
716 2259 867 2291 eundem
892 2257 1030 2290 fontem
1055 2258 1230 2293 adierunt.
1280 2258 1404 2301 Neque

36 2318 220 2361 reliquae,
243 2319 328 2352 licet
350 2320 522 2354 tenuitate
547 2331 611 2353 sua
642 2332 722 2353 cum
746 2320 819 2353 illis
842 2330 911 2352 non
937 2319 1212 2362 comparandae,
1236 2320 1404 2353 laudibus

37 2378 111 2411 suis
136 2384 268 2414 carent.
315 2381 396 2415 Alia
427 2382 524 2415 aliud
550 2382 672 2423 habet,
709 2392 778 2425 quo
805 2384 905 2414 utare
931 2392 1012 2413 cum
1044 2380 1177 2413 fructu.
1225 2380 1403 2414 Universa

38 2440 244 2476 aestimanti
286 2454 470 2487 perpauca
516 2444 559 2476 de
602 2443 679 2477 vita
720 2444 899 2486 rebusque
942 2441 1088 2475 Pindari
1133 2441 1278 2486 cognita
1326 2446 1406 2476 sunt

39 2502 183 2537 aliunde
207 2515 315 2548 quam
338 2517 381 2538 ex
399 2504 618 2538 carminibus
641 2505 753 2549 ipsius
778 2505 884 2538 ducta
909 2508 944 2538 et
966 2504 1002 2537 in
1022 2503 1227 2537 fabularem
1244 2505 1404 2547 speciem

22 2554 27 2559 ’
40 2568 196 2607 compta.

128 2624 167 2658 Si
193 2624 310 2659 fontes
343 2627 512 2670 vitarum,
539 2639 630 2671 quae
656 2631 805 2669 exstant,
828 2630 1010 2669 scrutare,
1036 2628 1208 2670 pleraque
1233 2638 1276 2660 ex
1301 2630 1403 2659 vetu—

38 2683 206 2718 stioribus
239 2686 440 2722 carminum
472 2689 746 2723 Pindaricorum
781 2689 1050 2724 enarratorihus
1074 2689 1269 2730 fluxerunt,
1304 2690 1404 2722 velut

982 2749 1136 2788 *****2
