1751 2986
235 89 284 117 cx
803 74 1013 116 INDEX

298 191 430 226 pueros
460 180 588 215 victori
615 180 718 215 Nem.
743 179 799 214 54.
835 180 982 225 Olymp-
1002 178 1060 221 79,
1083 178 1119 212 4.
1153 189 1298 213 carmen
1322 178 1484 225 Aeginae
1508 188 1594 213 can·

298 243 425 274 tatum.

233 296 348 330 Nem.
377 295 469 328 vm.
515 292 633 327 Dinidi
658 293 794 336 Megae
816 292 842 325 f.
868 291 1088 336 Aeginetae,
1120 291 1237 325 stadio
1259 290 1317 323 bis
1342 290 1489 332 victori,
1519 291 1594 332 Ae-

303 353 410 398 ginae
442 354 624 384 cantatum
647 348 684 381 in
707 349 868 390 Aeaceo,
900 349 1046 392 Olymp.
1071 348 1138 391 80,
1161 349 1193 391 Ξ.
1249 347 1429 381 Victoriae
1453 347 1594 391 quando

300 412 427 451 partae
452 406 604 446 fuerint⁷
630 416 698 437 non
723 408 873 438 constat.

233 466 426 497 Carmen
459 464 521 497 IX.
586 461 758 494 Chromio
798 461 1008 506 Agesidami
1038 461 1063 494 f.
1096 461 1271 501 Aetnaeo,
1313 470 1421 493 curru
1465 458 1596 492 victori

301 521 457 564 Sicyone
481 518 516 552 in
532 517 692 563 Pythiis3
719 517 910 551 victoriam
933 518 1021 551 olim
1045 521 1188 562 partam
1211 520 1318 560 poeta
1343 519 1421 560 post
1443 515 1595 548 Aetnam

301 577 444 620 Olymp.
470 574 527 616 76,
551 575 582 608 l.
620 574 801 607 conditam
826 575 1044 616 celebravit,
1077 574 1139 607 ubi
1163 574 1198 607 in
1223 572 1368 608 civitate
1390 582 1517 605 recens
1539 571 1595 604 in-

297 633 422 666 stituta
453 633 489 666 in
519 642 654 675 pompa
678 635 762 664 ante
794 631 999 664 convivium
1023 641 1169 663 carmen
1202 630 1273 663 hoc
1307 632 1509 669 cantatum,
1538 627 1594 660 id-

301 702 370 734 que
402 688 594 723 recentiori
625 691 786 731 tempore
820 698 930 730 quam
960 687 1061 720 Nem.
1095 686 1122 720 Ι.
1168 687 1330 729 adeoque
1358 684 1596 729 probabiliter

300 750 380 790 post
404 746 549 790 Olymp.
573 744 639 783 76,
662 742 696 776 4.
728 743 840 777 immo
863 744 942 788 ipso
974 754 1065 776 anno
1090 743 1237 788 Olymp.
1262 742 1326 784 77,
1353 742 1406 784 1.,
1436 741 1594 774 Pindaro

298 804 334 837 in
361 802 486 836 Sicilia
508 806 687 836 versante.

232 861 433 893 Carmen
459 859 503 892 X.
559 859 709 891 Theaeo
734 856 841 890 Uliae
878 856 904 889 f.
929 856 1085 901 Argivo,
1118 856 1215 889 lucta
1245 855 1301 888 bis
1334 853 1465 889 victori
1487 852 1596 898 Argis

299 915 334 948 in
358 914 660 948 Hecatomhaeis:
699 924 843 946 carmen
865 912 1001 945 ibidem
1026 916 1205 946 cantatum
1228 911 1349 955 aliquo
1377 914 1457 954 post
1479 909 1595 942 victo-

298 973 372 1005 rias
403 976 584 1014 tempore,
616 971 848 1003 redeuntibus
879 969 1179 1003 Hecatombaeis:
1221 969 1284 1002 sed
1316 968 1396 1011 ipsa
1429 971 1595 1010 tempora

298 1028 447 1060 incerta.

231 1085 426 1118 Carmen
451 1084 512 1116 xl.
568 1082 802 1127 Aristagorae
825 1080 1002 1115 Arcesilai
1030 1081 1056 1114 f.
1084 1080 1267 1121 Tenedio,
1301 1083 1486 1113 cantatum
1518 1078 1594 1112 Te-

298 1140 381 1173 nedi
406 1140 440 1172 in
465 1142 659 1183 prytaneo,
686 1150 793 1181 quum
818 1138 980 1182 prytanis
1002 1136 1256 1181 magistratum
1279 1136 1386 1170 iniret
1407 1135 1594 1181 Aristago-

298 1207 380 1236 rae,
404 1196 496 1230 inter
518 1206 642 1237 sacra,
666 1196 792 1238 credo,
817 1194 981 1228 adeundo
1005 1194 1147 1228 muneri
1170 1194 1301 1227 iuncta.

632 1332 1181 1377 ISTHMIA.

230 1420 390 1456 Isthm.
414 1419 443 1452 Ι.
488 1419 676 1452 Herodoto
702 1417 901 1461 Asopodori
924 1417 951 1450 f.
977 1418 1174 1460 Thebano,
1209 1427 1319 1450 curru
1342 1414 1493 1457 victori,
1515 1414 1592 1448 for-

296 1479 390 1509 tasse
415 1475 563 1519 Olymp.
587 1474 644 1516 80,
673 1476 724 1517 3„
759 1474 899 1508 Thebis
922 1474 1021 1506 haud
1046 1475 1155 1507 dubie
1185 1478 1220 1507 et
1244 1474 1418 1516 scriptum
1449 1476 1484 1506 et
1509 1483 1593 1505 can-

295 1536 428 1573 tatum,
455 1543 566 1574 qutun
591 1535 699 1574 poeta
723 1531 873 1564 carmini
898 1531 979 1563 Ceis
1003 1530 1169 1563 faciendo
1194 1530 1347 1564 intentus
1372 1533 1476 1562 esset.

229 1589 387 1622 Isthm.
412 1588 456 1620 11.
505 1588 677 1620 lstluniae
701 1588 815 1621 curuli
839 1587 1013 1620 victoriae
1045 1592 1079 1620 et
1103 1588 1184 1620 aliis
1208 1586 1420 1620 Xenocratis
1442 1586 1592 1619 Aenesi-

295 1644 393 1678 dami
425 1644 450 1677 f.
487 1644 716 1689 Agrigentini
757 1644 985 1677 celebrandis
1017 1643 1207 1687 scriptmn,
1252 1643 1487 1687 Thrasybulo
1517 1642 1594 1675 eius

294 1702 372 1735 filio
396 1713 461 1745 per
483 1701 716 1743 Nicasippum
739 1700 987 1734 transmissum
1012 1703 1093 1743 post
1115 1700 1253 1733 obitum
1278 1699 1401 1743 patris.
1436 1699 1593 1732 Victoria

296 1758 446 1803 contigit
470 1761 552 1791 ante
577 1757 722 1801 Olymp.
749 1756 804 1794 76,
828 1757 860 1789 l.
895 1757 1056 1799 adeoque
1089 1767 1158 1789 non
1182 1761 1262 1800 post
1286 1756 1432 1800 Olymp.
1454 1755 1511 1797 25,
1535 1755 1591 1796 3.;

296 1826 441 1848 carmen
466 1814 605 1847 sactum
629 1825 696 1845 non
722 1818 802 1846 ante
829 1814 974 1857 Olymp.
1002 1812 1059 1854 77,
1084 1813 1115 1845 l.

226 1872 382 1905 lsthm.
416 1871 478 1904 lll.
535 1870 683 1904 Melisso
716 1869 932 1907 Telesiadae
961 1869 987 1902 f.
1024 1870 1221 1910 Thebano,
1258 1873 1338 1912 post
1369 1868 1592 1902 Nemeaeum

295 1931 496 1970 equestrem
529 1926 722 1959 victoriam
752 1926 912 1959 Isthmiis
943 1925 1129 1968 pancratio
1154 1925 1302 1966 victori,
1332 1925 1472 1958 Thebis
1498 1935 1592 1958 scan-

293 1988 418 2025 tatum,
436 1983 573 2026 aliquot
591 1982 745 2016 fortasse
764 1985 844 2026 post
857 1992 1019 2026 pugnam
1038 1983 1286 2016 Plataeensem
1300 1981 1528 2027 (olymp-75,
1538 1981 1590 2025 2.)

292 2051 404 2073 annis.

223 2097 378 2130 Isthm.
413 2095 471 2128 lv.
542 2094 768 2138 Phylacidae
814 2094 1008 2138 Lamponis
1056 2094 1083 2127 f.
1131 2093 1353 2139 Aeginetae,
1403 2093 1590 2138 pana-atio

289 2151 451 2186 Isthmiis
475 2151 674 2184 secundum
696 2151 838 2193 victori,
864 2151 1102 2196 probabiliter
1124 2151 1271 2196 Olymp.
1287 2149 1346 2192 75,
1370 2150 1404 2184 3.
1429 2150 1592 2196 Aeginae

291 2211 487 2242 cantatum.

223 2265 319 2299 Isth
332 2276 380 2298 m.
416 2264 454 2296 V.
512 2263 641 2297 Eidem
665 2264 826 2298 Isthmiis
855 2263 1012 2308 primum
1044 2263 1173 2297 victori
1205 2263 1410 2308 pancratio;
1443 2274 1591 2296 carmen

291 2321 463 2364 scriptum
490 2324 569 2363 post
600 2321 701 2354 Nem.
728 2321 766 2353 V.
797 2325 878 2355 ante
899 2322 1027 2354 Isthm.
1049 2321 1108 2353 lv.
1141 2324 1224 2354 ante
1248 2331 1408 2365 pugnam
1432 2319 1591 2354 Salami-

293 2377 390 2411 niam
415 2377 514 2410 haud
540 2377 664 2418 dubie,
701 2378 866 2422 Aeginae
900 2381 1082 2411 cantatum
1106 2376 1142 2409 in
1167 2376 1335 2409 convivio
1359 2376 1457 2420 apud
1481 2376 1590 2410 Lam-

289 2445 423 2478 ponem
445 2433 592 2467 victoris
616 2436 769 2476 patrem.

220 2491 384 2525 Isthm.
412 2490 470 2523 v1.
526 2489 759 2532 Strepsiadae
791 2489 990 2531 Thebano,
1031 2487 1217 2532 pancratio
1250 2487 1403 2529 victori3
1441 2498 1591 2521 carmen

287 2545 429 2580 Thebis
453 2548 653 2585 cantatum3
680 2550 843 2590 tempora
868 2545 1022 2588 incerta,
1053 2556 1097 2579 ex
1122 2544 1274 2578 diversis
1298 2549 1419 2579 tamen
1440 2544 1590 2578 rationi-

286 2603 355 2636 bus
388 2613 433 2637 ea
463 2601 556 2636 mihi
585 2602 744 2636 maxime
778 2603 998 2646 probabilis,
1037 2605 1076 2637 ut
1117 2601 1270 2637 victoria
1305 2605 1342 2636 et
1374 2611 1521 2635 carmen
1553 2601 1591 2635 in

284 2658 432 2703 Olymp.
457 2658 515 2701 81,
540 2658 574 2693 l.
602 2658 828 2693 differantur.
