1794 2982
631 103 861 143 NEMEA
905 103 930 143 Ι.
1376 107 1456 147 ῙΊΊ

230 208 343 269 ἥατ’,
379 208 538 268 ὀξείαις
572 208 736 257 ἀνίαισι
755 210 920 268 τυπείς.
957 208 1008 257 τὸ
1026 208 1111 273 γὰρ
1138 211 1302 260 οἰκεῖον
1321 212 1455 272 πιέζει

491 276 628 324 πάνθ’
663 276 804 338 ὁμῶς·

223 342 370 403 εὐθύς
405 343 444 392 δ’
477 343 662 409 ἀπήμων
693 346 854 407 κραδία
886 348 1026 404 κᾶδος
1060 344 1171 408 ἀμφ’
1206 346 1450 411 ἀλλότριον.

125 448 188 492 55
224 444 324 491 ἔστα
358 446 405 492 δὲ
439 444 600 506 θάμβει
636 444 848 511 δυςφόρῳ
1153 450 1260 511 Στρ.
1296 448 1347 497 δ’.
1406 460 1452 495 85

221 516 391 578 τερπνῷ
423 531 466 559 τε
501 514 682 574 μιχθείς.
729 510 812 559 εἶδε
847 510 928 575 γὰρ
965 511 1168 574 ἐκνόμιον

221 578 340 642 λῆμά
375 598 418 626 τε
452 582 525 626 καὶ
561 580 750 641 δύναμιν

222 647 355 692 υἱοῦ·
392 647 727 708 παλίγγλωσσον
762 646 810 693 δέ
845 647 886 692 οἳ
923 645 1140 695 ἀθάνατοι

221 711 411 775 ἀγγέλων
446 713 576 776 ῥῆσιν
608 716 760 761 θέσαν.

120 781 184 826 60
216 781 387 842 γείτονα
421 779 460 826 δ’
495 780 723 828 ἐκκάλεσεν
748 779 859 838 Διὸς
879 780 1077 836 ὑψίστου
1097 784 1333 846 προφάταν
1352 784 1446 841 ἕξο-

486 866 578 909 χον,
1402 863 1446 897 90

216 912 485 976 ὀρθόμαντιν
521 913 770 974 Τειρεσίαν·
819 911 845 960 ὁ
880 915 926 960 δὲ
960 912 1006 961 οἶ
1031 916 1171 978 (φράζε
1211 919 1286 965 καὶ
1318 920 1449 967 παντὶ

484 984 675 1047 στρατῷ,
709 981 858 1039 ποίαις
894 980 1095 1046 ὁμιλήσει
1128 983 1296 1047 τύχαις,

213 1079 387 1141 ὅσσους
419 1084 498 1144 μὲν
531 1083 576 1130 ἐν
608 1082 749 1146 χέρσῳ
778 1082 960 1141 κτανών,
1145 1083 1250 1132 Ἀντ.
1287 1085 1339 1133 δ’.
1402 1097 1444 1130 95

214 1147 384 1208 ὅσσους
418 1152 465 1198 δὲ
499 1150 647 1215 πόντῳ
682 1154 830 1212 θῆρας
865 1148 1141 1211 ἀϊδροδίκας·

217 1218 295 1263 καί
325 1236 421 1264 τινα
455 1216 544 1265 σύν
576 1218 745 1282 πλαγίῳ

116 1286 180 1330 65
217 1282 390 1346 ἀνδρῶν
424 1286 543 1350 κόρῳ
577 1287 798 1345 στείχοντα
829 1284 906 1333 τὸν
940 1285 1211 1347 ἐχθρότατον

219 1353 342 1413 φᾶσέ
376 1372 444 1400 νιν
478 1353 635 1400 δώσειν
667 1351 806 1419 μόρῳ.

212 1420 286 1466 καὶ
318 1419 403 1482 γάρ
438 1418 543 1467 ὅταν
571 1421 671 1466 θεοὶ
703 1420 747 1466 ἐν
776 1420 910 1486 πεδίῳ
939 1420 1139 1482 Φλέγρας
1160 1419 1443 1483 Γιγάντεσσιν

480 1488 623 1549 μάχαν
1375 1500 1442 1532 100

208 1552 489 1614 ἀντιάζωσιν,
525 1555 684 1616 βελέων
717 1551 808 1600 ὑπὸ
844 1553 1013 1613 ῥιπαῖσι
1047 1555 1197 1602 κείνου
1226 1556 1442 1618 φαιδίμαν

480 1624 582 1687 γαίᾳ
615 1620 928 1684 πεφύρσεσθαι
962 1621 1103 1682 κόμαν

1251 1704 1345 1753 ’Em
1384 1705 1436 1752 δ’.

208 1774 374 1822 ἔνεπεν·
422 1772 560 1822 αὕτ’ὁν
603 1771 691 1834 μὰν
733 1773 777 1820 ἐν
811 1772 961 1838 εἰράνᾳ
1008 1772 1212 1834 καμάτων
1244 1771 1442 1836 μεγάλων

473 1842 518 1889 ἐν
551 1845 692 1907 σχερῷ
1373 1852 1438 1884 105

117 1986 150 2010 v.
180 1975 234 2009 66.
259 1973 389 2021 μόρον.
412 1994 458 2001 -
494 1988 524 2008 ν.
553 1975 607 2009 69.
634 1973 672 2009 ἐν
698 1972 828 2019 εἰράνᾳ
852 1971 917 2007 τὸν
942 1970 1093 2005 ἅπαντα
1115 1970 1250 2017 χρόνον
1273 1971 1356 2016 σχὲν
1379 1971 1440 2008 ἀεὶ

162 2080 198 2102 v.
222 2068 278 2102 51.
329 2069 449 2114 [Libri
480 2066 619 2112 ἀθρόοι
644 2066 806 2112 ἔδραμον
831 2069 865 2099 et
890 2064 1224 2119 ἕδραμονηάθρόοι.
1274 2067 1440 2101 Correxit

77 2114 318 2147 Hermannus.
354 2113 555 2158 'Bergkius
580 2113 744 2155 χαλκέοις
771 2111 928 2155 ἔδραμον
954 2112 1021 2146 σὺν
1047 2114 1174 2151 οπλοις
1197 2110 1335 2154 ἀθρόοι
1359 2123 1439 2146 ma—

74 2159 164 2200 luit,
198 2163 236 2193 ut
260 2171 332 2193 vox
367 2159 505 2201 ἀθρόοι
537 2158 669 2191 rectius
704 2158 962 2198 collocaretur,
999 2167 1090 2200 qnae
1123 2158 1219 2201 apud
1242 2157 1438 2191 Pindarum

71 2215 253 2248 nunquam
277 2205 395 2249 prima
418 2203 523 2238 brevi
544 2203 755 2247 reperiatur.
805 2202 927 2244 SCH.]

163 2262 199 2284 v.
223 2250 280 2284 66.
329 2250 431 2283 Libri
453 2248 590 2294 μόρον,
621 2251 743 2281 contra
767 2246 1057 2291 grammaticam.
1113 2246 1320 2281 Boeckhius
1344 2259 1438 2281 nunc

71 2296 235 2340 reposuit
255 2293 370 2341 μόρῳ,
396 2307 418 2330 a
441 2307 500 2328 me
516 2293 818 2327 commendatum.
853 2293 1081 2325 Hermannus
1096 2292 1299 2326 coniecerat
1318 2293 1438 2336 φάσέν

71 2339 107 2374 {v
130 2341 272 2376 δώσειν
289 2341 425 2386 μόρον,
458 2341 612 2374 Nessum
637 2339 810 2379 inferens,
846 2338 905 2381 qui
929 2337 1067 2370 alienus
1093 2348 1115 2370 a
1140 2338 1279 2371 ratione
1305 2338 1437 2372 carmi-

70 2385 136 2420 nis,
185 2386 288 2430 [Vide
310 2385 537 2421 Boeckhium
561 2385 605 2418 de
630 2384 723 2417 Crisi
747 2386 777 2425 ἓ.
802 2381 858 2416 43.
886 2395 919 2426 p.
944 2382 1022 2416 131.
1069 2383 1190 2426 SCH.]

159 2443 195 2465 v.
220 2431 276 2466 68.
323 2432 520 2477 [Bergkius
543 2431 661 2473 γαίας.
709 2430 755 2462 At
788 2429 966 2472 scriptura
998 2429 1176 2462 librorum
1201 2439 1299 2471 sana,
1325 2428 1435 2462 modo

71 2476 204 2510 rectius
235 2478 460 2523 intelligatur
490 2487 599 2520 quam
635 2475 743 2519 vulgo
766 2474 820 2507 fit.
873 2475 987 2506 Recte
1011 2473 1179 2508 Scholia:
1216 2475 1285 2518 τὴν
1315 2474 1436 2517 κόμην

68 2519 187 2566 αὐτῆς
209 2522 278 2565 τὴν
303 2524 484 2566 φαιδίμην
510 2520 821 2565 σὺμφυρήσεσθαι
845 2520 889 2564 τῇ
916 2520 971 2564 Γῇ
997 2518 1231 2564 συμβήσεται.
1279 2519 1401 2562 SCH.]

162 2579 198 2601 v.
223 2567 268 2602 69
292 2579 368 2612 seq.
422 2568 540 2613 Vulgo
581 2567 620 2601 ἐν
654 2565 782 2611 εἰράνᾳ
814 2564 880 2599 τὸν
914 2561 1064 2599 ἅπαντα
1093 2562 1227 2609 χρόνον
1259 2563 1340 2609 σχὲν
1374 2563 1433 2599 ἀεὶ

69 2609 248 2657 ἁσυχίαν,
292 2610 468 2658 καμάτων
499 2610 668 2657 μεγάλων
700 2609 839 2646 ποινὰν
870 2613 943 2644 κτλ.
1010 2610 1083 2644 Sed
1115 2608 1195 2653 σχὲν
1227 2606 1285 2644 ἀεί
1314 2609 1432 2653 nihili,

68 2658 230 2702 plerique
263 2658 374 2704 σχεραί
407 2659 561 2700 habent,
595 2658 631 2692 in
662 2668 733 2701 quo
764 2658 880 2691 latere
905 2654 944 2691 ἐν
977 2656 1092 2702 σχερῷ
1125 2654 1217 2690 vidit
1249 2657 1431 2690 Herman-

116 2704 216 2737 Pind.
242 2705 352 2739 Carm.
377 2706 469 2738 Sect.
495 2706 522 2737 Ι.
1112 2701 1180 2740 12-
