1794 2982
529 171 881 213 EXGURSUS
916 172 973 212 11.
1352 174 1437 217 345

74 275 181 321 ἔῖεις,
195 275 244 312 ἐἴ
262 285 305 312 σε’
323 275 468 311 τούτων
491 274 589 323 μοῖρ’
605 274 774 320 ἐφίκοιτο
794 278 927 310 καλῶν.
959 275 1087 312 θνατὰ
1101 279 1276 314 θνατοῖσι
1291 277 1435 325 πρέπει.

74 340 155 374 Hoc
178 342 252 373 est:
285 339 405 382 Quum
438 338 559 372 omnia
581 339 733 380 habeas,
763 338 838 372 noli
863 339 1000 383 Iupiter
1023 340 1127 381 fieri3
1149 341 1313 375 humana
1336 342 1434 378 enim

73 401 201 435 decent
223 401 400 435 homines.
455 401 605 445 Fragm.
630 400 860 443 Dithyramb.
884 401 948 434 111.
973 413 1009 436 v.
1033 401 1056 434 7
1079 413 1196 446 seqq-2
1228 400 1373 439 Διόθεν
1392 402 1435 440 τέ

71 473 117 505 με
140 460 209 496 σὺν
233 458 354 508 ciram?
375 462 473 496 ἴδετε
495 459 716 506 πορευθέντ’
742 459 856 509 ἀοιδᾷ
881 462 939 497 ἐπὶ
967 461 1061 507 [τὸν]
1087 463 1303 499 κισσοδέταν
1324 465 1432 502 θεόν.

69 521 184 567 γόνον
205 521 360 558 ὖπάτων
381 522 447 567 μὲν
469 521 640 568 πατέρων
661 522 839 567 μελπέμεν
861 526 1047 566 γυναικῶν
1072 538 1110 560 τε
1134 527 1326 570 Καδμειᾶν
1349 527 1434 572 ἔμο-

70 587 146 619 λον.
194 581 253 618 Ἑν
282 582 416 630 Ἀργείᾳ
441 584 569 630 Νεμέᾳ
591 584 724 629 μάντιν
755 583 800 620 ου’
823 584 1003 620 λανθάνει
1029 587 1197 630 φοίνικος
1221 588 1325 634 ἔρνος
1355 592 1430 625 κτλ.

69 645 142 679 Hic
166 645 323 689 primum
348 647 477 679 verba:
509 646 744 692 πορευθέντα
769 644 835 680 σῠν
856 645 970 692 αόιδᾷ
1001 647 1060 682 ἐπὶ
1086 648 1182 694 [τὸν]
1216 650 1432 686 κισσοδέταν

68 706 178 747 θεόν,
203 708 359 750 explicat
381 708 555 750 disertius,
581 709 707 743 deinde
731 721 841 752 quum
867 721 885 743 e
913 710 1047 743 Nemea
1072 722 1110 744 se
1135 712 1207 744 huc
1231 713 1433 756 profectum

69 768 216 809 dixerit,
240 769 348 802 etiam
373 768 462 803 illud
486 771 653 813 explicat,
690 772 869 814 quomodo
894 770 943 803 ibi
969 771 1115 804 sciverit
1140 772 1270 806 instare
1294 773 1434 818 Diony-

68 830 134 864 sia.
181 830 386 864 Alacritatis
416 836 535 865 antem
559 832 713 866 eximiae
737 833 875 876 lyricae
900 835 1103 876 exemplum
1128 838 1181 867 est
1204 836 1306 868 locus
1329 835 1432 870 Nem.

67 891 144 932 Vll,
168 891 214 924 75
237 903 356 934 seqq,
382 892 444 924 ubi
469 892 711 934 pulcherrime
737 898 908 937 congesta
931 899 1012 926 sunt
1034 895 1228 938 Asyndeta.

155 952 276 997 Pergo
309 953 355 985 ad
394 952 521 986 aliud
559 964 703 996 genus
747 954 792 986 in
833 954 936 987 fine
970 956 1180 988 locorum
1213 956 1430 1002 positum,

67 1022 177 1055 quum
201 1003 364 1057 graviter
387 1013 520 1046 finitur.
573 1014 681 1047 Talia
713 1017 878 1058 exempla
912 1016 1069 1059 primum
1103 1022 1185 1050 sunt
1210 1018 1266 1052 Ol.
1293 1019 1350 1059 lv,
1375 1018 1432 1053 17.

66 1074 124 1115 vl,
149 1073 204 1108 19.
236 1073 339 1108 Nem.
366 1075 394 1115 1,
420 1074 475 1107 18.
509 1075 584 1116 vll,
608 1074 688 1115 GL,
723 1075 849 1118 quibus
875 1077 964 1110 locis
988 1078 1058 1109 hoc
1083 1078 1190 1112 inest:
1225 1080 1320 1121 dixi,
1345 1091 1435 1115 vera

69 1134 164 1175 dixi,
199 1145 269 1167 non
293 1135 446 1171 mentior
478 1140 514 1168 et
537 1136 709 1169 obtrecto.
756 1137 855 1169 Adde
881 1138 982 1171 Nem.
1006 1139 1068 1180 lx,
1087 1140 1143 1173 33.
1190 1141 1303 1174 Porro
1328 1141 1435 1175 huius

66 1196 209 1241 generis
229 1200 310 1229 sunt
333 1196 424 1237 loci,
449 1196 510 1229 ubi
534 1197 707 1239 repetitur
731 1198 765 1230 in
789 1198 860 1231 fine
886 1201 978 1242 quod
1003 1201 1101 1244 prius
1126 1201 1283 1243 dictum,
1322 1202 1431 1246 Pyth.

66 1258 128 1298 xl,
150 1257 207 1290 31.
233 1258 311 1299 ΧΠ,
337 1256 393 1289 22.
443 1257 628 1291 Pertinent
652 1260 780 1292 eodem
806 1259 866 1293 alii
889 1261 992 1294 multi
1016 1262 1107 1302 loci,
1140 1263 1203 1296 ubi
1227 1264 1299 1296 alio
1325 1263 1432 1308 gravi

65 1318 161 1355 dicto
185 1319 433 1352 antecedentia
456 1320 706 1363 complectitur
730 1325 793 1353 aut
815 1321 982 1363 absolvit,
1019 1323 1193 1355 iudicium
1217 1335 1321 1356 suum
1345 1325 1432 1357 sub-

62 1379 140 1414 iicit
163 1381 325 1421 laudans,
350 1380 543 1422 admiranti,
567 1383 846 1425 reprehendens,
870 1384 1075 1417 admonens,
1102 1384 1157 1417 Ol.
1176 1385 1221 1418 11.
1241 1385 1322 1418 fin.:
1348 1384 1429 1421 ἐπεὶ

63 1439 215 1485 ψάμμος
240 1439 406 1487 ἀριθμὸν
432 1443 719 1488 περιπέφευγεν·
757 1441 895 1483 ἐκεῖνος
918 1441 988 1479 ὅσα
1011 1444 1166 1488 χάρματ’
1191 1444 1313 1486 ἄλλοις
1337 1445 1431 1491 ἔθη-

63 1515 144 1546 κεν,
177 1504 233 1543 τίς
256 1500 303 1538 ἃῖν
327 1502 470 1549 φροῖσαι
494 1504 671 1546 δύναιτ-0,·
704 1505 811 1549 Pyth.
837 1506 884 1548 V,
910 1506 966 1539 88.
991 1508 1035 1540 de
1059 1508 1184 1541 Batto:
1216 1508 1341 1554 μάκαρ
1365 1507 1431 1553 μὲν

62 1563 212 1610 οἷνδρῶν
233 1564 326 1609 μέτα
350 1566 483 1608 ἔναιεν,
511 1563 606 1613 ἥρως
631 1567 663 1602 δ’
682 1566 807 1601 ἔπειτα
827 1567 1016 1613 λαοσεβής.
1050 1569 1154 1602 Nem.
1172 1571 1232 1613 lx,
1249 1568 1313 1604 45:
1340 1571 1430 1608 ἴστω

61 1626 184 1670 λαχών
206 1625 299 1672 πρὸς
321 1627 509 1671 δαιμόνων
532 1625 754 1671 θαυμαστὸν
780 1626 900 1675 ὄλβον.
938 1630 1042 1664 Nem.
1061 1629 1208 1671 x·11‚48:
1235 1633 1319 1677 τρία
1339 1631 1431 1668 ἔπεα

61 1687 246 1733 διαρκέσει
271 1692 345 1724 κτλ.
392 1690 492 1723 Adde
516 1690 618 1723 Nem.
640 1691 669 1732 1,
686 1690 742 1723 36.
791 1691 973 1734 Imprimis
994 1703 1080 1725 vero
1105 1694 1324 1737 magnificae
1348 1706 1430 1728 sen-

61 1749 194 1783 tentiae
225 1750 314 1783 hae:
348 1751 456 1795 Pyth.
489 1752 543 1794 11,
575 1751 634 1785 49.
676 1756 822 1786 narrata
854 1752 987 1786 Ixionis
1025 1765 1160 1797 poena:
1206 1755 1298 1796 θεὸς
1327 1752 1429 1790 ἅπαν

61 1809 122 1845 ἐπὶ
138 1809 319 1846 ἐλπίδεσσι
335 1811 472 1858 τέκμαρ
494 1811 662 1855 α’νύεται,
683 1813 774 1854 θεὸς
792 1812 811 1848 ὁ
833 1814 895 1848 καὶ
915 1813 1101 1858 πτερόεντ’
1122 1815 1247 1855 αἰετὸν
1268 1819 1345 1861 κίχε
1365 1819 1429 1853 καὶ

60 1873 295 1908 θαλασσαῖον
317 1876 586 1920 παραμείβεται
608 1876 763 1918 δελφῖνα
784 1877 856 1908 κτλ.
892 1875 991 1909 Nihil
1009 1876 1128 1919 magis
1145 1878 1300 1921 lyricum
1320 1890 1428 1922 quam

62 1940 284 1968 commotum
319 1937 499 1979 gravitate
530 1948 653 1969 rerum
687 1936 863 1969 dictarum
897 1936 948 1969 sic
984 1937 1086 1971 effari
1120 1950 1268 1982 sensus,
1300 1942 1429 1984 quibus

61 1995 109 2028 sis
131 1997 268 2039 plenus.
316 1997 422 2040 Pyth.
448 1998 522 2039 ΠΙ,
546 1997 614 2039 59.‚
648 2002 836 2041 postquam
861 1998 905 2031 de
930 1999 1145 2042 Aesculapio
1181 2001 1288 2043 dixit,
1316 2002 1428 2037 invito

59 2057 148 2091 Iove
171 2057 234 2100 qui
257 2057 416 2101 aliquem
446 2057 482 2091 in
514 2058 628 2092 vitam
652 2070 825 2092 revocare
857 2063 1073 2093 tentaverat:
1111 2062 1178 2106 χρὴ
1204 2061 1250 2096 τὰ
1276 2062 1427 2098 ἐοικότα

59 2117 136 2164 πὰρ
162 2119 354 2162 δαιμόνων
383 2120 609 2163 μαστευέμεν
640 2122 800 2159 θναταῖς
826 2122 982 2166 φρασίν,
1014 2121 1152 2164 γνόντα
1183 2123 1225 2158 τὸ
1254 2123 1329 2170 πὰρ
1355 2137 1429 2159 πο-

60 2179 147 2222 δός,
175 2180 382 2225 οἵας-,εἰμὲν
405 2182 526 2221 αἴσας.
573 2183 674 2216 Adde
696 2182 799 2217 Nem.
818 2183 876 2225 IV,
895 2181 950 2216 30.
999 2183 1071 2217 Sed
1095 2195 1164 2217 non
1187 2185 1223 2218 in
1247 2187 1427 2221 maiorum

58 2245 198 2276 tantum
227 2243 384 2287 partium
415 2244 487 2277 fine
521 2245 613 2277 tales
644 2244 724 2277 dico
754 2244 946 2277 sententias
969 2246 1113 2288 saepius
1136 2247 1310 2290 reperiri,
1343 2259 1428 2292 pos—

0 2345 2 2351 >
58 2308 141 2338 aunt
165 2306 274 2338 etiam
306 2306 341 2340 in
374 2306 496 2339 media
519 2306 681 2339 oratione
714 2305 850 2338 idoneis
880 2306 969 2339 locis
991 2307 1139 2349 subiici,
1170 2312 1209 2342 ut
1231 2310 1337 2353 Pyth.
1363 2311 1426 2352 lX,

0 2379 1 2382 ¹
57 2363 115 2400 87.
141 2370 176 2400 et
198 2367 307 2411 Pyth.
336 2367 384 2409 ΙΙ,
407 2367 487 2409 83.,
520 2368 582 2401 ubi
607 2368 650 2400 de
676 2367 936 2401 calumniatore
961 2369 1091 2402 callido
1117 2371 1283 2413 loquutus
1307 2371 1428 2416 pergit

0 2461 1 2468 χ
58 2425 210 2461 eximie:
247 2426 291 2462 οὔ
316 2428 352 2463 οὶ
375 2429 512 2473 μετέχω
535 2427 708 2474 θράσεος.
768 2430 906 2463 Eadem
931 2430 1023 2463 ratio
1058 2431 1259 2475 ubicunque
1283 2434 1319 2465 in
1345 2433 1428 2466 iun-

0 2472 1 2492 *
59 2487 170 2521 cturis
193 2490 356 2525 locorum
378 2492 576 2526 sententiae
601 2492 749 2536 positae,
775 2502 877 2535 quae,
903 2481 1013 2534 quum
1033 2492 1248 2537 principium
1271 2505 1426 2538 sequen-

56 2547 149 2581 tium
171 2560 292 2585 rerum
315 2551 395 2594 siut,
431 2553 538 2587 simul
562 2557 683 2587 tamen
707 2553 994 2587 antecedentium
1018 2555 1319 2599 contemplatione
1343 2559 1427 2590 nata

52 2609 267 2654 videantur,
291 2617 330 2647 ut
353 2614 410 2648 01.
437 2615 487 2657 ΙΙ,
507 2614 564 2648 53.
590 2616 647 2658 Vl,
671 2615 727 2648 73.
756 2616 852 2656 xm,
876 2614 932 2647 82.

147 2672 231 2706 Dixi
254 2685 364 2718 supra
385 2675 592 2720 Asyndeton
629 2681 690 2711 aut
713 2689 795 2710 cum
820 2676 1114 2710 antecedentibus
1138 2678 1298 2712 maxime
1322 2689 1425 2713 sensu

60 2733 257 2769 cohaerere
290 2739 353 2770 aut
386 2748 548 2772 novam
573 2750 670 2773 rem
693 2738 916 2773 nuntiare
951 2739 1031 2785 vel
1053 2738 1260 2783 inferre3
1295 2740 1340 2775 de
1362 2740 1426 2775 illo

1107 2800 1162 2840 23
