1794 2982
523 824 1117 902 EXCURSUSIL

306 961 378 995 DE
418 963 729 998 ASYNDETO
766 964 914 996 APUD
957 963 1265 997 PINDARUM
1286 963 1330 1006 ⁴).

143 1138 345 1206 Asyndeti
368 1175 452 1197 usus
473 1164 695 1208 frequentior
716 1164 750 1197 in
776 1164 890 1208 lyrica
909 1163 1009 1207 poesi
1035 1166 1087 1196 est
1110 1166 1144 1196 et
1167 1174 1244 1196 esse
1262 1164 1367 1197 debet
1391 1177 1498 1208 quam

144 1220 181 1255 in
205 1224 329 1267 epica3
362 1225 465 1269 epica
486 1226 600 1259 oratio
626 1238 733 1269 quum
749 1216 871 1259 llenior
895 1230 929 1257 et
953 1224 1176 1267 tranquillior
1210 1224 1273 1263 sit,
1294 1225 1498 1261 continuum

142 1283 276 1318 flumen
301 1291 411 1327 amat,
436 1287 552 1331 lyrica
572 1287 759 1330 abruptior
784 1291 835 1319 est
860 1291 894 1319 et
912 1285 1092 1325 audacior,
1117 1285 1310 1318 affectuum
1335 1288 1441 1329 plena
1466 1294 1501 1322 et

143 1346 335 1390 gravitatis
369 1358 411 1381 ac
435 1349 664 1382 sublimitatis
694 1348 851 1381 maxime
876 1347 1044 1379 studiosa.
1102 1347 1223 1388 Quare
1258 1348 1316 1389 qui
1351 1348 1499 1382 virtutes

144 1407 222 1440 eius
240 1420 458 1454 cognoscere
482 1411 579 1454 cupit
603 1410 710 1443 etiam
737 1410 781 1442 ad
800 1408 969 1452 Asyndeti
988 1408 1162 1440 rationem
1183 1409 1363 1441 attendere
1382 1410 1499 1444 debet.

143 1468 194 1501 Ac
220 1470 366 1503 Pindari
389 1471 562 1515 interpres
588 1473 696 1505 etiam
728 1476 917 1515 propterea
942 1469 1122 1502 declinare
1156 1480 1223 1501 non
1249 1474 1366 1512 potest
1390 1482 1499 1517 quae-

143 1528 295 1563 stionem
325 1532 458 1575 passim
490 1533 678 1567 difficilem
711 1537 745 1565 et
770 1531 998 1574 impeditam,
1033 1531 1116 1573 quia
1148 1532 1434 1565 Hermannns
1465 1538 1499 1566 et

142 1589 328 1626 Boeckh
343 1594 414 1626 ius
459 1595 620 1637 pluribus
651 1595 691 1627 in
737 1593 824 1627 locis
860 1594 902 1625 de
945 1604 987 1625 ea
1018 1604 1056 1624 re
1091 1592 1309 1625 dissentiunt.
1363 1594 1502 1628 Placuit

142 1652 254 1697 igitur
277 1657 443 1698 exempla
467 1657 608 1699 potiora
631 1656 801 1700 Asyndcti
826 1666 868 1687 ex
892 1653 950 1686 his
968 1653 1184 1686 carminibus
1200 1653 1374 1697 colligere
1398 1658 1432 1688 ct·
1456 1656 1501 1688 ad

143 1725 278 1759 genera
301 1716 466 1750 distincta
489 1728 673 1750 revocare.

230 1777 434 1820 Asyndeton
466 1789 577 1820 quum
612 1778 808 1821 particulas
841 1787 909 1810 non
934 1776 1084 1816 offerat,
1119 1776 1246 1818 quihus
1278 1788 1388 1809 nexus
1420 1788 1500 1810 sen-

143 1836 276 1870 tentiae
314 1837 508 1881 indicetur,
544 1850 601 1872 res
641 1839 719 1881 ipsa
753 1839 823 1870 hoc
866 1842 900 1870 et
934 1836 1177 1879 pronuntiatio
1212 1836 1342 1868 docere
1384 1837 1500 1871 debet.

142 1898 269 1932 Placet
294 1899 426 1942 ultique
458 1904 498 1933 ut
521 1911 590 1932 non
615 1899 757 1932 aliunde
783 1897 966 1941 particulis
991 1901 1134 1939 aptum,
1167 1895 1313 1938 propria
1345 1899 1502 1939 quadam

143 1958 192 2000 vi,
216 1960 414 2001 alacritate,
439 1961 630 2004 gravitate,
655 1958 942 2003 magnificentia;
970 1968 1075 1989 sensu
1100 1966 1187 1989 vero
1213 1959 1273 1987 aut
1296 1967 1377 1989 cum
1402 1957 1503 1991 ante-

146 2020 353 2054 cedentibus
377 2021 508 2053 arctius
533 2022 704 2053 cohaeret
728 2023 788 2052 aut
812 2030 943 2051 novam
967 2030 1044 2050 rem
1070 2018 1189 2050 infert.

231 2082 283 2115 Ae
306 2082 461 2125 primum
485 2082 629 2125 quidem
654 2081 857 2114 notissimus
881 2091 966 2112 usus
990 2078 1160 2122 Asyndeti
1186 2081 1248 2118 est,
1275 2089 1406 2120 quum
1430 2090 1501 2112 res

144 2143 368 2177 universe
391 2145 467 2177 vel
491 2144 720 2176 indirecte
746 2146 823 2174 aut
847 2140 1100 2174 obscurius
1124 2138 1334 2172 indicata
1359 2141 1503 2183 expli-

146 2208 280 2238 catur
305 2204 586 2238 accuratius.
614 2203 796 2245 01.1‚86:
825 2200 904 2236 οὐδ’
925 2200 1119 2247 α’κροῖντοις
1141 2198 1303 2243 ἐφάψατ’
1322 2195 1372 2233 οἷν
1390 2200 1504 2235 ἔπεσι.

142 2264 208 2301 τὸν
225 2264 291 2310 μὲν
307 2264 474 2309 ἀγάλλων
498 2265 588 2304 θεὸς
609 2263 742 2299 ἔδωκεν
767 2265 901 2308 δίφρον
919 2276 957 2298 τε
975 2261 1128 2307 χρύσεον
1156 2262 1342 2306 πτεροῖσίν
1359 2259 1390 2296 τ’
1410 2259 1505 2296 ἀκά-

141 2340 283 2373 μαντας
301 2328 448 2367 ἵππους.
473 2347 517 2354 -
542 2327 598 2360 Ol.
616 2327 663 2368 Il,
681 2325 747 2358 24:
775 2324 902 2359 ἕπεται
928 2324 967 2358 δὲ
987 2322 1094 2367 λόγος
1119 2321 1319 2368 εὐθρόνοις
1341 2322 1506 2368 Κάδμοιο

141 2387 305 2434 κούραις,
316 2384 462 2424 ἔπαθον
481 2387 522 2423 αἳ
535 2386 687 2431 μεγάλα,
711 2386 850 2425 πένθος
873 2383 902 2420 δ’
924 2385 1061 2420 ἐπίτνει
1077 2385 1170 2431 βαρὺ
1190 2382 1397 2430 κρεσσόνων
1413 2383 1507 2430 πρὸς

143 2447 310 2495 ἀγαθῶν.
344 2449 426 2493 ζώει
450 2449 516 2494 μὲν
537 2449 576 2484 ἐν
592 2447 806 2491 Ὀλυμπίοις
828 2445 1066 2482 ἀποθανοῖσα
1093 2446 1216 2492 βρόμῳ
1237 2447 1421 2490 κεραυνοῦ
1439 2459 1506 2480 τα-

142 2512 322 2559 νυέθειρα
340 2511 483 2557 Σεμέλα
502 2514 576 2546 κτλ.
618 2511 726 2545 Varia
745 2510 818 2544 alia
837 2510 1003 2553 exempla
1022 2509 1183 2541 eiusdem
1204 2507 1257 2540 rei
1274 2512 1355 2541 sunt
1371 2508 1427 2542 01:
1450 2508 1508 2542 Vl,

178 2642 214 2687 *J
240 2641 386 2686 [Contra
419 2643 568 2676 Dissenii
602 2649 789 2686 praecepta
814 2639 934 2683 paucis
962 2639 1117 2682 disputat
1157 2638 1198 2670 G.
1224 2638 1508 2669 Hermannus

231 2689 380 2731 Opuscc.
405 2689 479 2722 VII.
505 2700 539 2732 p.
570 2689 609 2722 15
631 2700 727 2732 seqq.
775 2685 890 2728 SCH.]
