1751 2986
267 87 439 115 LXXXVIII

265 190 416 215 munera
442 182 478 214 et
500 179 692 224 pecuniam
715 180 932 223 sectaretur,
957 179 1065 214 modo
1089 189 1112 213 a
1133 177 1344 214 Simonidea
1367 178 1523 214 avaritia
1545 179 1630 214 abs-

265 241 406 276 tineret.

355 300 558 336 Habitabat
594 302 773 336 Pindarus
812 301 952 336 Thebis
995 302 1080 346 (τᾶς
1121 299 1311 347 ἐρατεινὸν
1345 299 1445 347 ὕδωρ
1485 301 1632 346 πίομαι,

265 363 415 408 Olymp.
451 363 510 404 Vl,
546 362 603 396 85.
636 365 717 398 coll.
750 364 856 409 Pyth.
880 364 947 406 lv,
978 362 1099 406 2980,
1131 363 1226 397 unde
1257 363 1464 406 frequenter
1493 365 1555 398 vel
1585 364 1632 398 ad

262 424 368 459 ludos
398 434 522 457 sacros
553 425 768 468 spectandos
798 426 859 459 vel
889 424 1070 469 principes
1103 424 1202 459 viros
1227 428 1439 468 exterasque
1469 425 1632 460 civitates

263 486 484 519 salutaturus
517 489 732 521 excurreret.
793 487 849 520 Ex
891 487 1022 530 quibus
1053 489 1152 521 nulla
1183 487 1251 530 ipsi
1295 487 1460 520 dilectior
1489 487 1632 521 videtur

262 546 374 580 fuisse
400 557 511 589 quam
532 547 708 590 Athenae,
731 548 887 582 nutrices
909 548 1046 593 ingenii
1069 548 1134 590 sui,
1165 559 1258 592 quae
1281 547 1368 581 urbs
1391 550 1472 591 post
1492 558 1633 593 pugnas

262 608 537 643 Marathoniam
561 612 597 643 et
613 609 851 644 Salaminiam
874 610 974 644 haud
991 610 1100 643 dubie
1119 609 1360 654 principatum
1382 608 1496 642 tenuit
1515 609 1633 643 Grae-

263 670 353 703 ciae.
416 669 490 703 Nec
515 671 695 705 dubitavit
717 672 894 705 Pindarus
919 671 1152 705 Athenienses
1184 672 1229 704 ob
1253 670 1451 704 fortissima
1473 670 1572 705 facta
1594 670 1632 705 in

262 731 370 765 bellis
390 731 546 765 Persicis
564 733 726 768 exhibita
744 733 950 780 magnificis
975 733 1105 766 efferre
1122 733 1304 773 laudibus,
1331 732 1496 776 quamvis
1521 743 1544 766 a
1565 743 1633 776 po-

260 792 382 836 pulari
404 793 557 837 imperio
575 794 711 837 pariter
727 798 834 838 atque
861 795 907 829 ab
933 794 1120 839 tyrannide
1142 794 1300 828 animum
1316 798 1462 839 gereret
1480 793 1633 828 alienio-

260 866 338 888 rem
372 858 407 889 et
430 854 665 889 Doriensibus
695 857 921 901 potissimum
951 856 1119 890 institutis
1143 855 1311 889 civilibus
1342 855 1446 888 unice
1472 855 1633 890 delceta-

260 919 370 950 retur.
426 917 499 951 Sed
522 928 625 950 mens
656 922 785 961 poetae
807 917 1033 964 integerrimi
1066 928 1180 961 pravo
1206 916 1364 961 partium
1389 916 1563 959 obsequio
1586 916 1633 950 li-

260 977 350 1011 bera
381 978 577 1022 iudiciique
612 978 668 1011 sui
702 990 850 1022 compos
880 991 996 1022 neque
1030 989 1139 1012 caeco
1164 979 1323 1022 partium
1346 977 1463 1011 studio
1486 978 1633 1012 Musam

259 1050 366 1073 suam
401 1040 536 1074 dedidit
569 1043 604 1074 et
629 1040 799 1084 quicquid
822 1041 857 1074 in
881 1040 1033 1085 singulis
1067 1042 1127 1074 vel
1159 1039 1365 1074 civitatibus
1387 1040 1449 1072 vel
1471 1039 1632 1073 homini-

258 1100 327 1134 bus
351 1102 536 1136 laudabile
561 1105 596 1136 et
621 1102 815 1145 praeconio
850 1113 916 1135 suo
941 1103 1089 1147 dignum
1114 1102 1337 1146 reperiebat,
1373 1101 1407 1134 ei
1431 1101 1633 1136 carminum

257 1173 408 1197 suorum
431 1175 585 1197 veneres
607 1163 794 1207 impertire
817 1165 969 1198 solebat.
1017 1165 1133 1209 Igitur
1162 1168 1201 1197 ut
1224 1167 1396 1208 tyrannos
1421 1163 1632 1204 celebravit,

257 1223 309 1257 ita
333 1236 400 1257 nec
422 1224 625 1258 liberarum
649 1224 849 1258 civitatium
872 1226 1074 1259 laudationi
1097 1225 1221 1259 defuit.
1280 1224 1369 1256 Vide
1393 1235 1485 1267 quae
1510 1224 1630 1259 Guil.

257 1283 641 1320 Wachsmuthius
671 1286 815 1319 disserit
845 1287 889 1319 de
914 1288 1072 1320 Pindaro
1096 1286 1188 1330 reip.
1214 1285 1482 1319 constituendae
1506 1288 1541 1320 et
1564 1297 1632 1331 ge-

256 1346 392 1380 rendae
422 1350 658 1392 praeceptore
699 1347 866 1392 disputat.
901 1349 951 1383 II.
992 1361 1028 1392 p.
1060 1348 1105 1382 18
1133 1359 1231 1392 seqq.
1267 1346 1386 1392 (edita
1426 1350 1480 1382 est
1509 1347 1631 1383 Kiliae

257 1405 359 1441 1824.
382 1407 449 1450 4.).

350 1467 395 1500 At
413 1468 609 1502 Thebanos
634 1473 754 1503 tamen
778 1481 862 1504 suos
887 1481 909 1505 a
932 1471 1113 1505 bellorum
1128 1470 1357 1505 Persicorum
1378 1471 1629 1506 communione

256 1528 467 1571 absterruit,
503 1530 562 1572 qui
598 1530 696 1564 idem
718 1531 957 1564 Athenienses
986 1533 1141 1566 victores
1173 1533 1367 1566 identidem
1400 1534 1571 1567 laudibus
1593 1535 1631 1568 in

257 1590 401 1623 coelum
424 1590 545 1624 tollat!
592 1591 666 1625 Ista
690 1593 849 1635 culpatio
874 1597 927 1626 est
952 1594 1095 1638 Polybii
1117 1594 1182 1636 lv,
1205 1593 1308 1637 416.,
1341 1595 1401 1638 qui
1437 1607 1549 1639 prave
1573 1596 1630 1630 fe-

256 1650 347 1684 cisse
382 1651 577 1686 Pindarum
611 1653 840 1696 criminatur,
876 1656 969 1698 quod
1001 1660 1165 1700 tempore
1194 1656 1286 1690 belli
1307 1657 1443 1690 Medici
1473 1658 1631 1701 quietem

256 1713 545 1747 commendasset
587 1715 726 1748 civibus
755 1716 841 1749 suis.
900 1717 930 1751 A
970 1729 1039 1761 quo
1071 1717 1220 1751 crimine
1257 1718 1367 1752 facile
1402 1722 1455 1752 est
1484 1724 1631 1764 poetam

253 1774 396 1818 patriae
420 1775 708 1810 amantissimum
727 1777 933 1812 defendere.
974 1780 1028 1813 En
1052 1780 1166 1814 verba
1187 1779 1333 1814 Pindari
1359 1781 1419 1824 (fr.
1438 1782 1628 1827 Hyporch.

253 1834 375 1880 125.):

348 1898 410 1934 Τὸ
438 1896 603 1934 κοινόν
627 1913 697 1940 τις
723 1899 875 1935 οἷστῶν
902 1900 948 1936 ἐν
973 1897 1113 1947 εὐδίᾳ
1135 1901 1296 1943 τιθεὶς

344 1957 642 2006 ἕρευνασάτω
660 1961 1195 2010 μεγαλάνοροςᾊσυχίας
1213 1964 1262 2000 τὸ
1284 1964 1483 2012 φαιδρὸν
1505 1965 1631 2012 φάος,

345 2021 515 2057 στάσιν
541 2022 630 2059 <ind
656 2026 912 2070 πραπίδων
939 2024 1169 2062 ἕπίκοτον
1194 2025 1387 2070 οἷνελιόν,

341 2085 515 2125 πενίας
540 2084 791 2132 δότειραν,
818 2085 993 2134 ἐχθρὰν
1017 2085 1368 2134 κουροτρόφον.

257 2146 361 2190 Quae
388 2147 510 2180 omnia
534 2148 785 2183 intestinarum
808 2150 997 2184 turbarum
1020 2151 1267 2185 calamitatem
1291 2151 1491 2197 exagitant,
1517 2163 1628 2196 quam

254 2218 277 2241 a
308 2208 495 2242 Thebanis
520 2212 732 2253 propulsare
765 2211 944 2246 nitebatur
968 2216 1087 2256 poeta.
1133 2213 1408 2247 Meminerimus
1431 2213 1503 2248 dici
1533 2215 1629 2248 haec

251 2269 439 2303 Thebanis
464 2275 545 2304 ante
570 2283 733 2316 pugnam
758 2272 1009 2308 Plataeensem
1034 2274 1089 2308 01.
1114 2274 1273 2317 LXXIV,
1298 2275 1345 2318 4.,
1370 2287 1440 2320 quo
1464 2280 1628 2319 tempore

250 2331 442 2375 optimates
478 2333 524 2365 ad
569 2333 795 2376 reipublicae
836 2336 1085 2380 gubernacula
1124 2336 1261 2369 admoti
1291 2336 1465 2370 favebant
1495 2337 1627 2380 Medis,

249 2392 313 2426 alii
349 2395 473 2426 contra
515 2393 690 2428 seditione
731 2399 830 2430 mota
863 2396 1014 2430 Graecis
1052 2396 1224 2440 opitulari
1259 2398 1502 2439 conabantur;
1549 2398 1624 2432 vid.

247 2452 451 2487 Boeckh.
486 2454 606 2498 Expll.
643 2468 678 2500 p.
702 2455 782 2490 340.
841 2459 944 2501 Quae
978 2458 1129 2492 discidia
1163 2459 1198 2492 in
1233 2459 1429 2503 perniciem
1455 2463 1628 2504 eruptura

249 2516 502 2550 universorum
527 2517 743 2561 displicuere
767 2519 943 2562 Pindaro,
971 2519 1032 2563 qui
1054 2520 1187 2564 ubique
1218 2521 1263 2554 ad
1290 2521 1447 2565 quietem
1478 2533 1626 2566 compo-

248 2577 428 2621 situmque
452 2578 676 2622 reipublicae
700 2582 833 2613 statum
852 2581 1123 2624 cohortabatur,
1147 2583 1262 2617 veluti
1285 2583 1330 2617 de
1353 2582 1507 2631 Ἀσυχίᾳ,
1531 2595 1625 2629 quae

248 2639 295 2673 ad
313 2639 550 2676 domesticam
572 2641 803 2677 concordiam
829 2645 980 2688 spectat,
1005 2645 1172 2681 admonet
1193 2645 1338 2691 olymp.
1360 2646 1419 2689 lv,
1433 2645 1489 2681 16.
1515 2647 1623 2692 Pyth.
