1751 2986
256 131 323 160 xlv

256 224 442 260 victorem.
490 222 609 265 Quam
633 219 730 253 enim
753 218 863 253 aliam
888 217 962 252 vim
984 218 1121 253 habent
1143 219 1215 252 hae
1238 217 1435 260 victorum,
1460 220 1615 261 patrum,

258 286 538 325 avunculorum,
563 286 795 326 patruorum,
821 290 991 321 avorum,
1015 281 1193 314 maiorum
1217 279 1368 323 denique
1391 283 1614 313 memoratae

258 359 316 381 res
341 350 478 392 gestae,
502 355 611 388 quam
635 346 674 376 ut
694 342 836 385 δαίμων
855 338 1054 384 γενέθλιος,
1079 346 1117 375 ut
1134 339 1276 385 πότμος
1289 339 1463 385 συγγενής
1481 341 1516 375 in
1533 342 1616 374 luce

258 412 423 454 ponatur,
448 405 509 449 qui
532 417 623 438 nunc
647 404 684 437 in
708 404 844 437 victore
869 404 984 436 denuo
1008 402 1153 448 viguit?
1184 404 1235 436 Ac
1259 414 1303 436 ne
1328 403 1372 436 de
1395 402 1481 436 solis
1500 402 1616 436 victo-

257 471 320 504 riis
343 471 484 512 loquar,
509 478 619 510 quum
642 466 744 499 Nem.
768 467 795 498 V
799 467 842 498 11.
868 464 1085 499 Thearionis
1108 463 1220 507 patris
1242 464 1407 496 omnibus
1429 464 1533 497 bonis
1556 474 1616 497 or-

260 535 342 566 nata
364 541 441 563 sors
466 528 694 572 praedicatur
719 531 780 561 aut
804 528 929 560 Isthm.
956 528 982 559 1.
1002 526 1201 569 Asopodori
1222 530 1302 569 post
1325 525 1426 559 triste
1450 525 1616 558 exsilium

258 592 421 626 restituta
445 590 590 633 antiqua
613 588 842 632 prosperitas,
868 589 976 622 etiam
1001 588 1071 620 hoc
1097 598 1179 620 eum
1203 586 1237 619 in
1262 586 1370 620 finem
1396 587 1535 620 factum
1551 590 1616 628 est,

258 657 296 688 ut
319 654 466 686 deorum
492 651 656 684 favorem
672 654 706 683 et
722 650 954 682 fundamenta
973 649 1136 683 fortunae
1156 649 1354 691 videamus,
1378 648 1506 692 quibus
1522 648 1618 682 filio-

258 727 338 748 rum
369 716 575 758 praesentes
606 722 792 744 successus
823 710 990 744 nitantur.
1038 711 1141 743 Haec
1166 711 1261 743 enim
1285 710 1406 744 omnia
1430 714 1468 744 ut
1492 721 1558 754 per
1579 721 1618 743 se

259 778 402 820 placent
424 773 689 816 maximopere,
721 773 770 806 ita
793 773 839 806 ad
863 772 1010 805 victoris
1032 773 1178 805 laudem
1202 772 1406 816 augendam
1431 772 1617 816 perfinent.

259 839 339 881 Quo
360 839 439 870 loco
455 835 712 868 memorandae
731 834 839 868 etiam
855 833 1111 878 magistrorum
1128 834 1255 867 laudes
1270 837 1368 874 sunt3
1394 845 1505 877 quum
1522 832 1619 866 enim

258 898 362 932 suavi
384 896 526 941 pietatis
551 907 655 928 sensu
674 895 871 929 institutum
894 895 950 937 sit,
975 899 1024 937 ut,
1041 895 1070 928 si
1088 896 1191 939 pueri
1210 899 1393 934 canantur,
1418 895 1524 927 simul
1539 904 1618 927 ma.-

260 959 364 1005 gistri
389 958 597 999 laudentur,
636 960 756 990 tamen
787 956 897 989 ctiam
928 956 1095 1000 discipuli
1125 957 1240 990 virtus
1262 957 1313 989 sic
1338 957 1541 989 declaratur
1563 957 1618 988 lu-

260 1019 447 1059 culentius,
472 1017 584 1051 veluti
611 1018 666 1051 Ol.
688 1018 776 1051 vm.
804 1018 974 1051 Melesias
998 1019 1184 1063 magister,
1209 1030 1273 1061 per
1298 1029 1405 1061 quem
1429 1017 1578 1062 triginta
1597 1026 1619 1050 a

259 1081 444 1125 discipulis
469 1079 579 1113 variis
604 1091 758 1113 coronae
781 1084 998 1123 reportatae,
1022 1091 1091 1112 non
1115 1080 1264 1113 minima
1286 1081 1367 1113 laus
1392 1082 1445 1112 est
1461 1079 1619 1112 Alcime—

260 1143 368 1184 donti,
394 1145 456 1176 aut
478 1142 642 1186 Pytheae
666 1142 866 1174 Menander
890 1142 997 1175 claris
1021 1143 1066 1175 ab
1082 1141 1231 1175 Athenis
1248 1142 1350 1175 Nem.
1368 1142 1407 1174 V.
1441 1142 1492 1174 Ac
1509 1152 1619 1184 quum

260 1205 369 1239 etiam
394 1204 439 1236 ad
464 1203 649 1236 defunctos
673 1203 709 1236 in
733 1204 865 1237 talibus
889 1203 1108 1236 carminibus
1132 1203 1271 1236 nuntius
1295 1203 1490 1244 deferatur,
1510 1202 1620 1236 simul

260 1266 306 1299 ab
330 1266 461 1298 effectu
484 1264 625 1298 laudari
649 1265 752 1298 vides
773 1264 986 1305 victoriam,
1022 1277 1129 1308 quum
1153 1276 1278 1298 manes
1303 1276 1441 1308 quoque
1466 1265 1500 1298 in
1525 1264 1619 1297 Orco

260 1338 304 1361 ea
328 1326 583 1360 exhilarentur.
632 1326 725 1358 Nam
750 1326 795 1358 ab
822 1325 951 1360 effectu
977 1327 1123 1370 quidem
1147 1326 1256 1359 etiam
1279 1326 1482 1359 Psaumidis
1505 1326 1620 1359 victo-

259 1389 314 1422 ria
338 1388 394 1422 01.
415 1388 455 1420 V.
481 1388 648 1420 laudatur
672 1398 736 1430 per
758 1390 872 1420 totum
897 1399 1053 1430 carmen,
1078 1388 1171 1431 quod
1189 1387 1329 1430 patriae
1345 1389 1431 1421 deos
1450 1389 1621 1421 tutelares

259 1450 446 1484 conatibus
470 1449 544 1481 suis
567 1447 750 1481 ornaverit
773 1447 829 1480 vir
856 1450 1078 1491 praeclaruS.
1126 1450 1198 1483 Sed
1223 1452 1365 1492 praeter
1389 1448 1546 1482 ludicras
1562 1459 1621 1481 res

259 1512 358 1545 bella
390 1521 531 1553 quoque
571 1512 605 1542 et
638 1508 776 1552 proelia
809 1511 1004 1543 memorari
1039 1511 1133 1553 apud
1157 1510 1353 1543 Pindarum
1378 1510 1522 1549 videas,
1557 1509 1620 1544 ubi

260 1572 345 1616 quid
378 1571 549 1605 illustrius
581 1573 743 1613 gestum,
776 1574 812 1604 ut
836 1570 1006 1603 Hieronis
1033 1582 1172 1616 pugnas
1196 1572 1368 1604 adversus
1394 1573 1562 1605 Etruscos
1586 1575 1622 1605 et

263 1632 592 1677 CarthaginienseS,
615 1635 776 1664 servatos
801 1632 847 1664 ab
873 1633 1000 1665 eodem
1024 1633 1172 1675 Locros,
1198 1644 1358 1678 pugnam
1383 1632 1621 1666 Salaminiam

262 1695 297 1729 in
319 1694 427 1727 laude
451 1691 612 1737 Aeginae
638 1696 673 1726 et
695 1692 892 1736 Lamponis
914 1694 1093 1735 filiorum,
1126 1705 1285 1738 pugnam
1312 1695 1357 1728 ad
1383 1696 1561 1728 Helorum
1584 1693 1621 1728 in

260 1756 368 1789 laude
391 1753 571 1795 Chromfi,
603 1754 666 1787 sed
695 1765 868 1797 nusquam
901 1758 1020 1788 tamen
1054 1756 1147 1788 haec
1180 1755 1302 1789 multis
1335 1756 1456 1789 verbis
1479 1758 1620 1797 tractat,

260 1817 418 1860 loquitur
443 1814 652 1859 magnifice,
677 1815 739 1847 sed
764 1815 934 1855 breviter,
961 1816 1154 1850 iniucunda
1179 1828 1278 1857 vero,
1313 1820 1351 1850 ut
1374 1818 1552 1861 proelium
1577 1817 1623 1851 ad

260 1878 432 1912 Plataeas
457 1878 581 1910 lsthm.
601 1875 678 1918 111„
704 1875 750 1908 ad
774 1875 990 1921 Oenophyta
1014 1878 1136 1911 Isthm.
1157 1878 1229 1916 VL,
1254 1878 1456 1912 intestinum
1479 1880 1622 1913 Thero-

261 1939 316 1974 nis
337 1941 474 1973 bellum
500 1939 673 1972 adversus
698 1937 915 1980 proditores,
939 1939 1001 1971 ubi
1025 1939 1260 1973 memoranda
1283 1945 1374 1982 sunt,
1400 1941 1544 1975 nomina
1566 1944 1622 1975 ta-

261 2004 327 2034 cet.
362 2000 476 2043 Atque
500 2000 595 2032 haec
619 1999 763 2041 quidem
788 2000 960 2043 pleraque
987 2001 1107 2034 onmia
1131 2002 1176 2034 ad
1194 1999 1348 2045 οἷνδρίαν
1366 2003 1621 2036 celebrandam

260 2061 446 2106 pertinent,
471 2062 515 2094 dc
540 2071 610 2104 qua
633 2059 720 2093 satis
738 2059 884 2093 dictum.
918 2061 1122 2095 Laudantur
1140 2066 1283 2106 practer
1299 2074 1379 2096 eam
1399 2063 1508 2097 etiam
1525 2064 1621 2098 aliae

259 2124 395 2155 multae
419 2122 569 2155 virtutes
595 2121 753 2154 breviter
777 2123 997 2165 plerumque,
1023 2124 1065 2155 de
1092 2124 1219 2166 quihus
1240 2124 1327 2157 nihil
1346 2126 1539 2158 notandum
1554 2125 1622 2158 ha-

259 2183 329 2215 beo
353 2181 418 2215 nisi
444 2194 571 2215 unum:
608 2181 679 2214 Ubi
705 2193 788 2215 cum
811 2183 1018 2216 fortitudine
1042 2188 1277 2227 componatur
1301 2187 1374 2219 alia
1396 2186 1527 2228 virtus,
1560 2189 1622 2220 aut

261 2243 339 2287 pari
364 2242 490 2276 ambas
516 2242 689 2286 dignitate
715 2243 864 2284 haberi,
892 2248 953 2278 aut
976 2245 1130 2288 pendere
1154 2245 1372 2279 fortitudinis
1395 2247 1552 2291 gloriam
1577 2257 1621 2280 ex

260 2305 386 2345 altera,
411 2307 448 2336 ut
473 2303 530 2336 01.
552 2304 645 2336 v111.
672 2304 773 2337 Nem.
799 2306 838 2338 X.
864 2306 988 2339 Isthm.
1011 2306 1097 2347 vll„
1123 2307 1185 2339 uhi
1210 2317 1253 2339 ea
1278 2311 1423 2350 propter
1446 2307 1620 2350 pietatem

259 2369 294 2398 et
318 2364 488 2398 iustitiam
514 2365 697 2409 contingit.
747 2367 848 2409 Quae
880 2367 972 2401 ratio
1003 2368 1180 2412 exquisita
1205 2371 1268 2401 est.
1301 2388 1346 2394 —
1380 2368 1451 2401 Sed
1477 2372 1621 2411 praeter

260 2425 410 2459 virtutes
443 2425 553 2458 etiam
587 2424 696 2472 ὄλβον
729 2440 837 2472 supra
871 2429 980 2463 docui
1007 2429 1130 2463 multis
1160 2429 1194 2462 in
1227 2429 1444 2462 carminibus
1469 2428 1620 2471 laudari,

260 2486 361 2519 cuius
385 2490 502 2520 tamen
526 2498 698 2531 nusquam
718 2491 900 2523 obscurior
916 2491 1082 2525 tractatio
1100 2495 1163 2534 cst,
1187 2492 1294 2524 modo
1311 2490 1452 2535 singula
1472 2502 1493 2524 a
1513 2493 1619 2534 poeta

259 2548 377 2591 posita
401 2548 434 2581 in
459 2558 568 2582 unum
594 2551 758 2596 colligas.
798 2553 890 2586 Nam
914 2557 953 2586 ut
976 2554 1093 2597 poesis
1118 2555 1198 2596 fert,
1225 2553 1362 2586 orditur
1385 2553 1462 2585 fere
1487 2553 1620 2585 Pinda-

259 2620 320 2642 rus
344 2609 390 2642 ab
417 2619 486 2642 uno
512 2611 632 2654 aliquo
657 2613 829 2656 primario
863 2614 1027 2648 fortunae
1052 2616 1200 2657 decore,
1234 2617 1445 2658 plerumque
1471 2614 1516 2646 ab
1541 2614 1621 2657 ipsa

261 2670 434 2704 victoriae
468 2674 728 2715 reportatione,
765 2676 940 2709 interdum
975 2688 1060 2709 vcro
1092 2677 1200 2710 ctiam
1226 2678 1270 2710 ab
1298 2676 1390 2717 alin,
1424 2680 1497 2709 tum
1523 2674 1621 2709 addit
