1751 2986
548 129 842 170 OLYMPIA
884 129 987 171 Vll.
1394 132 1444 171 41

228 235 371 294 Ἀσίας
403 234 658 299 εὐρυχόρου
690 237 887 299 τρίπολιν
918 241 1059 284 νᾶσον
1092 237 1226 296 πέλας

231 303 398 369 ἐμβόλῳ
430 304 632 363 ναίοντας
664 303 829 369 Ἀργείᾳ
862 302 949 352 σύν
984 305 1128 370 αἰχμᾷ.
1401 316 1445 350 35

1249 410 1296 452 Σ
1345 443 1354 451 .
1418 406 1441 452 '.

130 475 195 519 20
228 468 425 534 ἐθελήσω
457 443 610 517 τοῖσιν.
629 468 674 526 ἐξ
704 468 840 530 ἀρχᾶς
874 467 962 516 dno
1003 424 1341 534 Τλαπολέμουτρ
1389 410 1417 467 β

228 535 363 594 ξυνὸν
396 536 611 600 ἀγγέλλων
644 540 889 599 διορθῶσαι
922 537 1067 600 λόγον,

224 603 462 665 “Ηρακλέος

228 671 491 734 εὐρυσθενεῖ
506 672 645 736 γέννᾳ.
668 670 718 718 τὸ
738 672 815 732 μὲν
832 668 915 732 γὰρ
933 672 1156 731 πατρόθεν
1175 673 1221 719 ἐκ
1240 671 1349 731 Διὸς
1364 671 1442 720 εὕ-

762 755 927 798 χονται·
951 737 1000 784 τὸ
1021 738 1059 786 6²
1077 738 1376 802 Ἀμυντορίδαι
1400 751 1443 783 40

226 804 446 867 ματρόθεν
463 803 782 865 Ἀστυδαμείας.
821 803 931 865 ἀμφὶ
952 804 990 851 δ’
1011 805 1258 868 ἀνθρώπων
1279 810 1445 870 φρασὶν

762 870 1001 932 ἀμπλακίαι

128 943 193 988 25
228 938 518 1003 ἀναρίθμητοι
551 937 803 1000 κρέμανται·
848 944 984 987 τοῦτο
1035 939 1074 986 δ’
1107 939 1333 1003 α’μάχανον
1366 941 1443 989 εὑ-

762 1011 865 1068 ρεῖν,
1402 1022 1444 1054 45

1253 1107 1357 1156 'Anu
1392 1110 1444 1171 β’.

228 1171 255 1221 ὅ
285 1191 327 1221 τι
359 1177 443 1220 νῦν
476 1173 521 1220 ἐν
552 1174 626 1219 καὶ
659 1177 836 1238 τελευτᾷ
879 1173 1094 1236 φέρτατον
1130 1173 1256 1238 ἀνδρὶ
1286 1183 1441 1238 τυχεῖν.

227 1241 300 1287 καὶ
332 1238 416 1302 γὰρ
450 1239 688 1304 Ἀλκμήνας
720 1243 981 1305 κασίγνητον
1016 1241 1153 1289 νόθον
1399 1256 1443 1288 50

227 1307 406 1374 σκάπτῳ
438 1308 584 1355 θένων

229 1379 424 1440 σκληρᾶς
442 1376 586 1434 ἐλαίας
598 1373 733 1422 ἔκταν’
752 1375 796 1422 ἐν
814 1376 1005 1436 Τίρυνθι
1018 1376 1262 1437 Λικύμνιον
1279 1379 1446 1427 ἐλθόντ’

767 1444 812 1489 ἐκ
845 1442 1059 1504 θαλάμων
1094 1445 1264 1503 Μιδέας

130 1513 193 1558 30
225 1510 353 1568 τᾶς-δέ
373 1525 475 1558 ποτε
497 1510 662 1572 χθονὸς
682 1508 879 1572 οἰκιστὴρ
903 1513 1126 1571 χολωθείς.
1149 1513 1194 1558 αἱ
1212 1514 1259 1559 δὲ
1272 1518 1445 1576 φρενῶν

765 1579 948 1639 ταραχαὶ
1401 1593 1445 1625 55

226 1643 531 1707 παρέπλαγξαν
565 1646 638 1691 καὶ
672 1644 831 1707 σοφόν.
882 1645 1152 1706 μαντεύσατο
1186 1645 1226 1694 δ’
1260 1648 1303 1706 ἐς
1335 1647 1445 1696 θεὸν

769 1712 922 1760 ἐλθών.

139 1836 412 1916 ξ.ἐ19.ἐμβόλω
432 1857 477 1863 -
508 1850 539 1871 v.
558 1840 614 1872 24.
641 1839 770 1886 φρεσὶν
789 1859 833 1865 --
860 1852 890 1873 v.
913 1841 968 1873 25.
996 1837 1247 1883 οἷναρίθματοι
1267 1858 1307 1864 -
1336 1853 1368 1874 v.
1386 1842 1442 1875 26.

94 1893 156 1916 και
194 1894 220 1915 ν

182 1993 216 2016 v.
240 1981 296 2016 26.
343 1982 397 2028 [ἐν
420 1983 485 2018 καί
519 1984 719 2017 Boeckhius
756 1996 798 2018 ex
831 1983 934 2017 libris
970 1983 1152 2027 plurimis,
1185 1987 1224 2017 ut
1260 1984 1444 2024 Pindarus,

94 2026 195 2062 cuius
210 2028 339 2062 ,multa
371 2034 424 2063 est
447 2029 482 2062 in
507 2029 738 2063 collocatione
770 2031 959 2063 verborum
984 2029 1151 2071 audacia,
1182 2029 1277 2062 haud
1303 2041 1384 2063 raro
1407 2031 1443 2064 in

93 2072 158 2107 καί
191 2073 363 2116 particula
393 2075 614 2118 hyperbaton
647 2075 811 2108 admittit.
867 2074 954 2107 Vide
985 2080 1123 2118 praeter
1159 2075 1377 2108 Boeckhium
1402 2077 1446 2110 ad

94 2116 152 2151 01.
175 2118 235 2160 vl,
256 2117 312 2152 53.
336 2120 490 2153 maxime
511 2119 692 2153 Eustathii
717 2121 880 2153 Prooem.
907 2132 937 2163 p.
953 2117 986 2152 5.
1011 2124 1045 2153 et
1071 2120 1121 2153 M.
1140 2121 1287 2164 Hauptii
1311 2121 1445 2155 Obser—

94 2166 178 2197 vatt.
202 2162 304 2197 Critt.
329 2176 363 2207 p.
387 2163 433 2198 58
456 2175 551 2207 seqq.
606 2165 673 2198 Cui
697 2165 772 2198 viro
796 2165 898 2197 docto
923 2165 985 2198 καί
1008 2165 1045 2197 h.
1072 2165 1095 2199 l.
1131 2166 1273 2200 etiam
1308 2167 1447 2200 videtur

95 2218 174 2242 esse
205 2213 241 2242 et
272 2208 317 2242 ad
347 2209 545 2253 proximum
575 2210 764 2252 utrobique
786 2210 998 2243 vocabulum
1031 2210 1216 2254 pertinere.
1264 2212 1358 2246 Satis
1381 2213 1445 2246 ha-

92 2252 214 2291 buisse
236 2254 428 2289 Pindarum
457 2255 526 2288 hoc
549 2255 612 2288 καί
645 2266 793 2298 ponere,
829 2267 936 2299 quum
961 2257 1064 2300 plena
1086 2257 1199 2290 oratio
1222 2257 1310 2291 haec
1334 2258 1442 2293 foret:

92 2309 206 2332 nunc
236 2303 278 2333 et
306 2300 444 2334 etiam
476 2300 519 2333 in
551 2299 664 2334 fine.
720 2302 822 2344 Quae
854 2312 922 2333 non
951 2301 1196 2336 satisfecerunt
1227 2303 1445 2346 Hermanno,

93 2343 156 2388 qui
179 2344 215 2378 in
238 2352 385 2379 censura
409 2345 603 2389 Hauptiani
631 2346 750 2380 libelli
773 2346 890 2380 Iahnii
913 2346 1052 2380 Annall.
1078 2347 1165 2380 Nov.
1189 2347 1290 2382 1841.
1316 2349 1361 2382 T.
1387 2349 1446 2390 33,

92 2389 128 2424 3.
148 2401 183 2434 p.
207 2389 286 2424 256.
313 2386 389 2425 ὅτι
412 2391 500 2433 νῦν,
525 2391 559 2426 εἰ
580 2389 650 2425 univ
673 2393 823 2438 τελευτᾷ
849 2404 889 2435 φ.
913 2388 949 2426 οἷ.
976 2405 1006 2426 τ,
1039 2393 1231 2437 coniectat,
1266 2394 1303 2427 h.
1330 2405 1360 2427 e.
1386 2394 1446 2427 il-

93 2435 172 2468 lud
195 2435 411 2470 difficile
434 2442 502 2470 est
534 2437 766 2477 invenire,
798 2448 913 2481 num,
947 2437 1061 2481 quod
1083 2449 1220 2480 nunc,
1257 2439 1375 2473 idem
1399 2439 1445 2472 in

94 2479 188 2514 fine
218 2481 422 2528 experiri
453 2482 672 2526 optimum
704 2483 778 2516 sit.
829 2482 896 2516 Vix
919 2483 988 2516 hoc
1012 2483 1248 2528 excogitasset
1269 2486 1445 2518 Herman-

95 2536 179 2570 nus,
212 2525 244 2560 si
281 2527 500 2561 meminisset
530 2527 793 2562 Boeckhianam
826 2529 1037 2573 scripturam
1064 2529 1199 2563 firmari
1238 2529 1446 2564 auctoritate

98 2570 414 2607 Alexandrinorum
438 2574 774 2618 grammaticorum,
807 2586 958 2618 quorum
990 2574 1100 2619 copiis
1132 2586 1215 2608 usus
1241 2575 1447 2609 Eustathius

97 2615 122 2649 Ι.
154 2628 186 2651 c.
216 2615 256 2652 ἐν
285 2618 349 2654 καὶ
382 2620 533 2665 τελευτᾷ
566 2619 602 2654 ἱη
633 2620 802 2664 exemplis
843 2620 1010 2655 traiectae
1041 2619 1233 2663 particulae
1274 2625 1446 2656 numerat.
1482 2631 1485 2636 ·

101 2660 225 2742 seui}
248 2707 304 2744 29.
353 2708 521 2754 [ἔκτανεν
547 2710 704 2756 Τίρυνθι
727 2710 912 2756 Bergkius.
945 2710 1063 2753 Sca]
