1751 2986
334 159 413 187 Lxx

333 252 534 297 Μυρτοῦς,
567 247 642 285 uinci
675 248 800 293 κώμης
831 248 1138 293 Κυνοςκεφοὶλων.
1200 250 1334 283 Contra
1376 249 1507 283 diserte
1547 251 1695 294 poetam

333 313 455 358 ipsum
477 313 528 347 ibi
552 316 674 346 natum
708 311 832 344 volunt
855 311 980 354 Steph.
1006 311 1097 356 Byz.
1123 322 1151 344 s.
1177 323 1213 344 v.
1252 309 1376 350 Κυνὸς
1411 312 1598 354 Κεφαλαί·
1630 309 1696 345 λό-

334 387 407 418 φος
430 376 495 418 τῆς
520 373 733 412 Θεσσαλίας.
773 366 820 416 ἦν
846 369 885 405 δὲ
910 371 972 405 καὶ
995 373 1130 416 χωρίον
1153 373 1209 416 (h.
1235 384 1266 406 e.
1291 372 1414 416 κώμη)
1441 372 1595 417 Θηβῶν,
1629 366 1696 416 ἀφ’

335 431 382 471 οὗ
407 436 613 481 Πίνδαρος,
647 430 868 478 Δαϊφάντου
892 437 997 475 παῖς,
1037 432 1250 478 [Βοιώτιος,
1276 432 1314 467 ἐκ
1339 432 1462 473 Κυνὸς
1484 433 1695 478 Κεφαλῶν,]

332 497 452 542 μελῶν
475 495 651 541 ποιητής,
684 496 747 530 ubi
778 496 890 529 verba
913 495 1010 528 uncis
1035 496 1173 529 inclusa
1203 496 1321 529 alieno
1353 497 1432 530 loco
1465 496 1582 539 posita
1605 499 1697 540 sunt,

335 561 370 591 et
402 557 543 591 Vratisl.
577 570 612 601 p.
648 557 689 590 9:
725 559 888 602 Θηβαῖος
921 552 966 601 ἦν
1002 555 1040 591 ἐκ
1074 558 1370 601 Κυνοκεφοῖλων·
1409 556 1513 600 κώμη
1544 555 1586 592 δέ
1620 555 1697 592 ἔστι

335 617 516 663 Θηβαϊκή.
571 620 690 663 Quam
724 619 1005 653 controversiam
1034 620 1085 653 ita
1123 621 1288 654 solvebat
1323 619 1607 663 Boeckhius,
1643 623 1697 663 ut,

335 691 418 712 cum
447 680 481 712 in
517 679 598 713 vico
623 680 685 714 illo
720 686 948 714 censerentur
972 685 1153 724 parentes,
1186 681 1326 714 Thebis
1358 682 1418 714 vel
1443 680 1477 714 in
1510 681 1584 714 alio
1615 683 1696 715 loco

332 742 532 775 Thebanae
557 742 699 776 ditionis
724 743 910 776 habitasse
935 743 1189 784 arbitraretur,
1213 743 1325 776 veluti
1351 743 1385 776 in
1408 743 1528 776 Attica
1552 742 1698 776 civitate

332 801 572 835 Acharnensis
595 806 654 837 vel
679 804 898 837 Salaminius
920 805 1035 848 potuit
1057 803 1204 837 Athenis
1240 805 1299 837 vel
1322 804 1494 837 Eleusine
1517 803 1696 851 habitare.

332 863 445 897 Nobis
468 865 558 898 nihil
582 866 726 899 videtur
749 866 942 909 impedire,
970 865 1158 908 quominus
1183 876 1312 897 vocem
1335 869 1511 905 veterum,
1549 865 1607 908 qui
1630 876 1698 909 pa-

333 929 451 958 rentes
482 928 542 960 vel
565 928 616 960 ibi
641 928 825 960 habitasse
848 929 906 961 vel
932 928 1012 960 inde
1047 926 1215 959 oriundos
1239 926 1350 959 fuisse
1374 930 1537 968 narrant,
1569 927 1698 960 audia-

333 996 434 1027 muS,
467 990 613 1029 poetam
647 988 763 1032 ipsum
796 989 933 1023 Thebis
967 992 1086 1021 ortum
1118 989 1327 1029 credamus,
1362 999 1431 1031 quo
1467 999 1506 1021 se
1529 992 1697 1032 parentes

333 1047 524 1081 contulisse
558 1049 603 1082 ad
629 1051 916 1083 concelebranda
943 1050 1094 1094 Pythia,
1128 1060 1281 1093 quorum
1313 1053 1474 1093 tempore
1505 1054 1610 1083 natus
1632 1054 1697 1092 est,

332 1108 509 1152 suspicari
533 1110 667 1144 licebit.
691 1143 694 1145 Α

423 1170 451 1203 Α
474 1171 688 1206 testimoniis
712 1173 934 1217 reliquorum
965 1173 1172 1216 discrepare
1203 1173 1375 1206 Moschus
1406 1172 1564 1206 creditur
1586 1172 1695 1218 Idyll.

331 1230 394 1273 Ill,
421 1229 467 1263 87
489 1243 608 1276 seqq:

424 1293 553 1336 Πᾶσα,
579 1296 694 1333 Βίων,
719 1297 855 1340 θρηνεῖ
877 1306 914 1329 σε
939 1293 1051 1338 ulum}
1078 1294 1204 1335 πόλις,
1230 1291 1344 1329 ἄστεα
1369 1293 1502 1329 πάντα.

413 1351 545 1399 ’Ἀσκρα
567 1354 632 1398 μὲν
654 1356 760 1399 γοάει
784 1368 823 1390 σε
847 1356 938 1391 πολὺ
965 1356 1076 1391 πλέον
1099 1354 1305 1390 “Ησιόδοι’>·

425 1418 672 1462 Πίνδαρον
697 1416 750 1453 ου’
775 1417 1011 1452 ποθέοντι
1036 1418 1178 1453 τόσον
1203 1412 1619 1457 ΒοιωτίδεςῖΤλαι.

332 1477 434 1511 Unde
467 1483 548 1511 sunt
580 1480 640 1522 qui
673 1492 753 1513 cum
787 1481 1030 1515 Boeckhio
1062 1482 1178 1525 Hylas
1210 1481 1364 1524 patriam
1392 1480 1535 1514 Pindari
1566 1490 1588 1513 a
1612 1479 1696 1512 Μο-

330 1541 418 1572 scho
443 1540 513 1573 diei
538 1541 607 1574 sibi
637 1541 898 1584 persuaserint,
932 1546 971 1575 ut
1001 1548 1145 1586 praeter
1178 1548 1315 1575 ceteros
1338 1543 1601 1575 Muellerus
1626 1540 1696 1575 Or-

331 1601 450 1633 ehom.
486 1614 520 1645 p.
546 1601 625 1635 3520.
681 1602 820 1645 Nempe
852 1602 1028 1636 incautius
1062 1603 1304 1637 Palmerio
1334 1604 1447 1636 fidem
1479 1603 1695 1646 habuerunt,

329 1663 390 1706 qui
420 1665 520 1707 vulg.
554 1658 640 1697 ὗλαι
671 1664 705 1697 in
737 1675 864 1696 nomen
907 1665 1008 1698 urbis
1038 1671 1174 1699 temere
1205 1670 1382 1698 mutatum
1417 1664 1496 1699 ivit.
1560 1664 1695 1698 Neutra

329 1724 508 1767 scriptura
536 1736 645 1766 vera,
678 1726 741 1758 sed
773 1726 866 1768 quod
891 1731 943 1759 est
976 1727 1008 1760 in
1034 1739 1105 1760 uno
1139 1727 1262 1760 codice
1295 1731 1497 1767 servatum,
1533 1723 1692 1771 ἄκραι.

329 1785 422 1819 Nam
447 1791 484 1819 ut
508 1786 724 1820 Thessaliae
749 1786 872 1826 Κυνὸς
896 1788 1087 1830 Κεφαλαί,
1120 1799 1211 1831 quae
1244 1793 1344 1822 erant
1367 1789 1464 1821 iuxta.
1486 1788 1695 1821 Scotussam

328 1848 468 1890 urbem,
494 1849 584 1881 Plut.
611 1850 728 1882 Flam.
755 1849 809 1890 8.,
845 1851 954 1882 eolles
986 1850 1056 1882 duo
1087 1850 1156 1882 sibi
1182 1862 1223 1883 ex
1255 1850 1408 1883 adverso
1434 1849 1589 1893 oppositi
1613 1849 1695 1882 fue-

327 1914 430 1950 runt,
464 1910 513 1942 ita
538 1910 677 1943 Thebis
711 1911 805 1944 eunti
838 1911 1017 1954 Thespias
1040 1929 1084 1934 —
1116 1910 1198 1942 vide
1236 1911 1396 1953 Xenoph.
1422 1910 1530 1953 Ages.
1559 1909 1613 1951 11,
1636 1908 1694 1942 22.

326 1971 423 2004 Hell.
448 1972 488 2011 V,
513 1971 546 2013 4,
570 1972 625 2005 38.
650 1992 692 1997 —-
721 1975 830 2006 colles
856 1972 997 2005 Boeotii
1024 1972 1068 2004 ob
1094 1971 1234 2004 formae
1259 1970 1530 2005 similitudinem
1554 1970 1603 2004 ita
1628 1981 1694 2014 ap-

326 2032 451 2076 pellati
477 2032 587 2066 fuisse
613 2033 797 2074 videntur,
831 2046 984 2077 quorum
1010 2034 1055 2067 atl
1081 2034 1221 2066 radices
1247 2033 1348 2066 vicus
1373 2033 1480 2065 fuerit
1505 2031 1694 2076 cognomi-

326 2093 391 2126 nis.
440 2095 594 2127 Tantum
619 2095 729 2139 igitur
754 2098 855 2130 abest
879 2102 914 2130 ut
938 2095 1110 2129 Moschus
1134 2095 1301 2136 dissonet,
1324 2098 1361 2127 ut
1386 2094 1693 2138 Cynoscephalas,

326 2155 418 2198 quod
443 2168 571 2189 nomen
605 2159 727 2191 versui
749 2170 813 2191 suo
838 2159 1112 2203 refragabatur,
1146 2157 1460 2200 circumloquendo
1492 2155 1693 2200 exprimere

328 2218 484 2250 voluisse
511 2219 676 2251 videatur
700 2225 734 2252 et
760 2221 847 2263 ipse.

415 2279 518 2311 Haec
543 2279 571 2311 si
598 2280 834 2323 probabiliter
858 2280 1095 2323 disputantur,
1119 2280 1258 2314 fallitur
1280 2281 1326 2313 ΙΙ.
1353 2280 1395 2313 N.
1416 2278 1692 2312 Ulrichsius

325 2339 445 2373 itiner.
467 2340 596 2374 Graec.
616 2342 641 2373 l.
659 2354 693 2384 p.
711 2341 803 2383 258„
825 2343 1059 2384 quumcolles
1079 2342 1178 2384 duos,
1205 2342 1265 2384 qui
1283 2341 1391 2374 hodie
1411 2342 1436 2373 E
1449 2342 1459 2374 l
1472 2351 1608 2373 eusae
1625 2351 1691 2373 vo-

325 2406 461 2444 cantur,
486 2403 660 2436 Boeotiae
685 2402 808 2442 Κυνὸς
832 2401 1010 2444 Κεφαλὰς
1034 2403 1146 2436 fuisse
1171 2403 1357 2443 coniectat,
1397 2402 1525 2434 rudera
1549 2401 1619 2434 vici
1645 2402 1692 2435 ad

325 2476 385 2498 eos
409 2466 520 2498 colles
544 2466 680 2509 Hylas,
711 2466 803 2498 unde
834 2464 1026 2508 scriptores
1063 2476 1130 2497 non
1154 2476 1212 2505 re,
1249 2465 1312 2497 scd
1337 2463 1479 2496 nomine
1504 2462 1692 2495 dissentire

326 2526 453 2559 videri.
500 2527 545 2560 At
575 2539 617 2560 ne
642 2526 849 2560 dissentiunt
881 2526 1036 2569 quidem.
1085 2525 1158 2559 Nec
1183 2525 1255 2558 iam
1281 2526 1468 2568 audiendi,
1502 2525 1561 2569 qui
1587 2524 1692 2570 Hylis

323 2587 452 2620 fundos
474 2588 645 2621 habuisse
670 2593 815 2632 poetam
840 2587 1006 2621 arbitrati
1028 2591 1125 2629 sunt,
1160 2598 1250 2630 quae
1277 2598 1333 2620 res
1358 2588 1549 2621 Moschum
1573 2587 1608 2620 in
1633 2598 1690 2620 er·-

323 2660 443 2683 rorem
475 2649 708 2694 compulerit,
744 2655 783 2683 ut
814 2653 894 2693 post
925 2647 1217 2682 Bocckhium
1255 2660 1368 2692 nuper
1409 2649 1526 2694 posuit
1568 2650 1688 2684 Ioan.

323 2711 556 2746 Franzius
580 2712 722 2746 Annali.
749 2711 831 2746 Litt.
858 2712 981 2745 Berol.
1007 2709 1120 2753 1841,
1142 2709 1175 2744 5.
1201 2723 1235 2754 p.
1261 2711 1306 2745 38
1330 2722 1403 2754 seq.
