1751 2986
335 161 484 191 xxxvln

337 266 488 300 quorum
521 253 664 287 nomina
696 250 867 296 Cyrenis,
897 250 960 284 ubi
992 250 1131 284 canitur
1161 259 1327 291 carmen,
1357 248 1516 283 maxime
1545 247 1700 282 iucunda

338 317 463 352 auditu
481 319 609 355 essent,
627 312 870 357 praesentium
884 312 1074 346 hominum
1092 311 1365 345 delectationem
1381 309 1589 354 respiciens,
1605 307 1701 352 quod

337 379 387 413 ita
405 388 582 420 nusquam
598 376 686 408 facit
709 374 844 418 epicus,
866 377 906 408 ut
923 373 1166 407 narrationem
1185 375 1380 417 propterea
1402 373 1518 403 mutet
1538 372 1599 404 aut
1616 379 1703 402 con-

338 439 471 474 trahat.
521 437 729 470 Redeamus
748 447 840 469 nunc
862 435 970 468 etiam
995 435 1042 468 ad
1066 434 1223 478 primam
1245 437 1397 478 partem.
1443 430 1498 464 lbi
1522 430 1643 464 statim
1665 429 1704 463 in

340 499 579 543 descriptione
601 502 761 531 staturae
781 496 919 529 Iasonis
946 496 1103 529 maxime
1128 495 1244 540 lyrica
1267 499 1302 528 et
1316 492 1509 527 Pindarica
1528 496 1579 526 est
1602 491 1704 525 illata

338 561 549 596 Aloidarum
566 564 600 593 et
617 558 717 603 Tityi
733 557 866 592 mentio
885 557 1135 599 admixtaeque
1154 557 1226 589 hoc
1244 555 1351 588 modo
1371 554 1511 587 roboris
1535 553 1704 587 laudibus

340 621 482 656 ethicae
506 633 575 654 reS.
623 621 710 654 Mox
733 619 769 653 in
794 619 953 652 oratione
977 618 1123 661 publica
1142 617 1279 651 Iasonis
1303 628 1345 650 ne
1371 616 1415 649 de
1439 615 1613 660 dignitate
1637 614 1705 648 ad-

338 683 501 716 mirabili
526 683 665 724 dicam,
699 681 848 714 affectus
871 681 997 724 plenus
1029 684 1082 713 est
1105 681 1225 721 locus,
1259 678 1323 711 ubi
1346 677 1485 711 iuvenis
1510 680 1643 719 narrat,
1667 679 1706 710 ut

340 744 428 778 olim
453 755 536 777 eum
559 743 733 776 infantem
756 742 885 776 timore
911 740 1054 786 tyranni
1077 740 1112 774 in
1136 739 1258 774 fasciis
1277 739 1466 773 extulerint
1488 738 1588 782 quasi
1607 748 1706 771 mor-

341 810 442 839 tuum
468 818 487 839 e
511 807 617 838 domo
642 809 793 848 paterna
816 804 909 838 inter
941 803 1114 836 eiulatum
1138 800 1366 835 feminarum.
1421 802 1467 834 Et
1492 801 1647 833 observa
1669 799 1707 833 in

339 867 413 900 fine
437 865 608 899 orationis
630 867 723 898 haec
748 864 842 908 poni,
876 867 916 896 ut
951 865 1095 897 aculeos
1118 863 1321 906 relinquant
1344 861 1379 894 in
1405 862 1534 895 animis
1557 862 1708 895 audien·
1732 890 1738 893 .

340 927 450 967 tium3
476 931 556 970 post
580 938 674 970 quae
700 925 850 959 discedit
876 925 1039 957 continuo
1064 925 1109 958 ad
1133 925 1199 957 hos
1223 924 1320 967 ipsos
1343 927 1417 957 tam
1443 923 1503 956 diu
1520 934 1588 956 non
1607 922 1708 957 visos

340 992 520 1032 parentes.
556 989 704 1031 lamque
730 987 815 1020 huic
834 987 926 1020 tristi
941 985 1219 1030 praeteritarum
1240 995 1362 1017 rerum
1375 984 1574 1017 memoriae
1593 994 1708 1028 oppo-

341 1048 436 1082 nitur
459 1048 599 1082 laetitia
632 1052 804 1092 paternae
830 1049 961 1081 domus
997 1051 1032 1081 et
1056 1050 1293 1091 cognatorum
1317 1045 1471 1089 undique
1500 1046 1708 1079 acceleran-

340 1109 431 1142 tium
472 1108 749 1153 conviviumque
784 1121 849 1154 per
891 1121 953 1142 sex
994 1109 1070 1142 dies
1101 1107 1367 1147 continuatum3
1407 1109 1486 1138 sunt
1529 1105 1640 1139 etiam
1670 1105 1709 1139 in

341 1169 445 1213 epica
468 1170 569 1213 poesi
601 1171 843 1214 oppositiones
868 1171 1066 1215 plurimae,
1102 1174 1140 1203 ut
1172 1181 1257 1213 par,
1291 1168 1353 1201 sed
1384 1167 1500 1212 lyrica
1532 1167 1568 1200 in
1602 1178 1646 1200 ea
1668 1178 1709 1201 re

341 1242 400 1265 ars
434 1235 487 1265 est
518 1231 748 1276 ingeniosior.
804 1233 965 1275 Denique
998 1231 1109 1265 finitis
1143 1231 1391 1264 convivalibus
1427 1228 1570 1274 gaudiis
1593 1230 1709 1263 altera

341 1292 456 1325 oratio
489 1293 627 1326 Iasonis
658 1294 816 1337 sequitur
846 1293 1043 1337 sapientiae
1076 1297 1111 1326 et
1133 1291 1391 1326 moderationis
1418 1292 1543 1334 plena,
1577 1291 1613 1324 in
1639 1301 1710 1335 qua

341 1353 428 1397 quid
452 1353 523 1387 dici
553 1354 671 1398 potuit
705 1355 853 1399 gravius
888 1358 922 1387 et
953 1354 1072 1399 magis
1096 1354 1251 1399 lyricum
1276 1353 1353 1386 his:
1389 1355 1533 1397 Motgm
1561 1348 1594 1386 δ’
1617 1349 1710 1396 ἄφί-

342 1413 476 1459 σταντ’,
500 1415 539 1450 εἴ
558 1428 613 1455 τις
628 1415 744 1461 ἔχθρα
763 1415 864 1451 πέλει
886 1414 1095 1460 ὁμογόνοις,
1115 1416 1210 1449 αἰδῶ
1225 1413 1420 1458 nahmen?
1466 1414 1650 1456 Profecto,
1671 1416 1711 1448 ut

343 1476 464 1509 omnia
486 1477 716 1522 colligamus,
743 1477 835 1511 nihil
859 1477 979 1511 omisit
1002 1481 1121 1521 poeta,
1146 1477 1229 1521 quin
1254 1477 1434 1521 gravitate
1457 1488 1598 1518 rerum,
1622 1476 1710 1509 sub-

340 1537 494 1572 limitate
527 1539 803 1580 sententiarum,
836 1539 875 1572 vi
899 1538 1184 1582 oppositionum,
1221 1538 1352 1583 grandi
1376 1538 1527 1581 denique
1551 1537 1711 1583 imagine

341 1600 513 1633 heroicae
533 1600 775 1644 praestantiae
789 1611 897 1644 supra
912 1602 1107 1645 vulgarem
1123 1600 1271 1632 modum
1282 1600 1416 1632 mirum
1433 1603 1603 1644 quantum
1614 1600 1712 1634 elata.

340 1665 497 1703 teneret,
529 1665 715 1704 moveret,
741 1662 924 1706 abriperet
948 1662 982 1695 in
1007 1661 1304 1702 admirationem3
1330 1672 1463 1705 quare,
1489 1673 1599 1705 quum
1623 1661 1712 1695 olim

340 1722 508 1766 plurimis
531 1724 721 1757 recessisse
754 1735 775 1757 a
799 1724 936 1769 lyricae
961 1724 1104 1767 poesios
1126 1723 1265 1756 ratione
1287 1723 1385 1756 visus
1408 1723 1454 1757 sit
1476 1722 1511 1756 in
1536 1724 1607 1756 hoc
1631 1733 1712 1756 car-

341 1784 458 1827 mine,
496 1796 564 1830 ego
600 1785 691 1819 illud
715 1785 825 1819 velim
849 1784 1088 1828 persuaserim
1122 1785 1287 1818 omnibus
1318 1795 1388 1818 non
1412 1784 1567 1828 potuisse
1591 1782 1712 1828 magis

342 1846 457 1890 lyrice
478 1847 622 1890 epicum
638 1850 892 1892 argumentum
916 1846 1077 1880 tractari.
1110 1847 1261 1880 Possem
1284 1857 1376 1879 nunc
1394 1846 1505 1879 etiam
1523 1844 1713 1878 breviores

343 1908 566 1940 narrationes
590 1908 682 1941 alias
705 1907 870 1942 similiter
891 1907 1110 1949 examinare,
1134 1911 1173 1941 ut
1193 1919 1316 1951 preces
1333 1907 1500 1941 Herculis
1524 1908 1570 1940 ad
1586 1907 1712 1940 Iovem

344 1968 388 2001 de
411 1968 489 2002 filio
507 1969 701 2002 Telamoni
724 1970 854 2010 dando,
878 1970 1042 2003 fabulam
1065 1969 1109 2002 de
1133 1969 1269 2004 infante
1294 1969 1466 2009 Hercule,
1491 1967 1711 2012 serpentium

343 2029 516 2072 occisore,
541 2031 585 2063 de
603 2031 745 2075 Cyrena
764 2032 938 2076 nympha,
962 2032 1025 2064 sed
1051 2042 1159 2075 quum
1183 2031 1271 2065 talia
1291 2034 1371 2074 post
1395 2041 1450 2072 ea,
1474 2041 1567 2074 quae
1591 2029 1653 2063 hic
1677 2032 1714 2064 et

341 2091 378 2125 in
403 2092 670 2126 Commentario
695 2093 868 2136 diximus,
899 2093 960 2126 vix
993 2095 1124 2137 egeant
1147 2091 1405 2135 explicatione,
1439 2093 1536 2125 malo
1561 2092 1606 2125 de
1630 2102 1712 2125 sen-

342 2153 537 2187 tentiarum
554 2154 757 2188 ethicarum
775 2165 844 2188 usu
858 2153 894 2187 in
911 2153 1046 2187 fabulis
1058 2153 1212 2187 verbum
1230 2154 1375 2198 addere,
1394 2164 1498 2197 quae,
1517 2158 1556 2188 ut
1571 2153 1715 2188 variant

343 2215 504 2249 suaviter
528 2216 770 2250 narrationem
795 2220 986 2260 partesque
1012 2215 1089 2249 eius
1111 2219 1276 2258 nectunt,
1301 2216 1352 2249 ita
1374 2215 1483 2250 simul
1505 2215 1714 2249 universum

344 2275 494 2310 fabulae
519 2277 691 2321 cuiusque
716 2289 861 2311 sensum
885 2277 1017 2311 eximie
1042 2277 1225 2311 adiuvant.
1272 2276 1333 2311 Sic
1351 2277 1406 2311 Ol.
1425 2277 1499 2310 8⁴11.
1522 2288 1632 2320 quum
1654 2275 1713 2310 fa-

343 2337 452 2371 bulae
470 2339 639 2373 Rhodiae
665 2340 711 2373 ad
730 2339 915 2384 Diagorae
940 2349 1064 2372 casum
1082 2338 1328 2372 excusandum
1352 2336 1562 2381 pertineant,
1587 2337 1713 2369 obser—

344 2410 432 2433 vare
458 2399 569 2442 iuvat,
595 2405 634 2434 ut
658 2404 765 2445 poeta
786 2400 948 2444 primum
968 2398 1003 2432 in
1027 2400 1107 2432 loco
1133 2400 1177 2433 de
1196 2398 1375 2444 Licymnii
1400 2398 1510 2432 caede
1536 2409 1558 2432 a
1576 2399 1713 2442 Tlepo-

347 2461 442 2495 lemo
467 2462 661 2496 commissa
685 2462 728 2495 de
753 2461 1000 2495 imbecillitate
1034 2462 1193 2495 humana
1217 2461 1399 2495 erroribus
1423 2460 1580 2494 obnoxia
1604 2460 1714 2501 dicat,

347 2521 474 2556 deinde
498 2523 627 2557 iterum
652 2525 689 2558 in
713 2525 827 2558 altero
852 2524 931 2556 loco
958 2523 1001 2557 de
1025 2521 1203 2565 HeliadiS,
1228 2523 1299 2567 qui,
1325 2534 1409 2557 cum
1425 2523 1612 2557 Minervae
1637 2522 1714 2556 cul-

344 2586 422 2617 tum
445 2585 656 2627 conderent,
689 2585 813 2630 ignem
844 2585 1056 2626 omiserant,
1088 2587 1228 2629 repetat
1257 2583 1354 2618 idem
1386 2584 1467 2619 aliis
1499 2584 1642 2626 verbis,
1674 2586 1713 2618 ut

345 2645 455 2680 facile
488 2646 621 2681 sentias
646 2658 759 2692 nuper
783 2646 921 2681 factum
945 2658 1024 2681 esse
1049 2646 1143 2691 quod
1167 2646 1397 2682 excusatione
1422 2649 1542 2692 egeat.
1589 2646 1713 2680 Ratae
