1751 2986
312 168 339 204 6
652 164 1234 205 ΟΛΥΜΠΙΟΝΙΚΑΙ
1269 162 1332 205 Α’.

451 273 495 319 ἐν
529 271 711 333 εὐάνορι
745 274 909 318 Λυδοῦ
947 271 1156 330 Πέλοπος
1190 272 1393 337 ἀποικίᾳ·

349 346 414 389 25
449 344 535 387 τοῦ
568 337 842 402 μεγασθενὴς
876 338 1092 400 ἐράσσατο
1127 339 1334 402 γαιάοχος

454 410 697 464 Ποσειδᾶν,
709 407 799 453 ἐπεί
811 425 881 454 νιν
892 411 1102 475 καθαροῦ
1117 408 1299 471 λέβητος
1316 404 1425 463 ἔξελε
1443 407 1621 455 Κλωθω
1633 420 1676 451 40

450 474 652 543 ἐλέφαντι
686 476 899 557 φαίδιμον
932 476 1052 535 ὠμον
1084 476 1361 537 κεκαδμένον.

449 544 479 605 ἠ
508 540 719 603 θαυματὰ
756 541 913 600 πολλά,
947 543 1024 589 καί
1050 543 1142 591 πού
1167 562 1208 590 τι
1237 544 1311 590 καὶ
1338 546 1510 604 βροτῶν
1542 542 1677 604 φάτιν

990 608 1103 671 ὑπὲρ
1136 609 1213 658 τὸν
1248 610 1401 674 αλαθῆ
1433 609 1565 672 λόγον

454 676 783 737 δεδαιδαλμένοι
818 677 1002 734 ψεύδεσι
1045 680 1260 737 ποικίλοις
1294 677 1556 735 ἐξαπατῶντι
1589 682 1675 738 μῦ-

991 750 1083 792 θοι.
1634 757 1676 789 45

1484 883 1589 940 Στρ.
1624 880 1676 941 β’.

352 953 416 996 30
452 947 597 1010 Χάρις
619 946 672 1005 δ’,
713 947 822 1010 ἅπερ
851 946 1021 996 ἅπαντα
1046 949 1187 1010 τεύχει
1210 948 1263 996 τὰ
1295 950 1462 1010 μείλιχα
1482 953 1677 1006 θνατοῖς,

452 1015 713 1077 ἐπιφέροισα
742 1014 870 1077 τιμὰν
898 1018 972 1064 καὶ
1005 1014 1190 1064 ἄπιστον
1219 1016 1413 1080 ἐμήσατο
1443 1013 1599 1063 πιστὸν
1633 1027 1677 1059 50

453 1083 626 1143 ἔμμεναι
652 1083 940 1143 τοπολλάκις·

453 1148 608 1212 ἁμέραι
643 1149 682 1197 δ’
716 1151 933 1198 ἐπίλοιποι

452 1216 672 1280 μάρτυρες
705 1219 967 1281 σοφώτατοι.

352 1290 416 1334 35
450 1286 538 1332 ἔστι
571 1285 611 1333 δ’
643 1285 770 1348 ἀνδρὶ
803 1286 948 1348 φάμεν
979 1286 1121 1345 ἐοικὸς
1151 1286 1265 1350 ἀμφὶ
1293 1287 1512 1349 δαιμόνων
1542 1288 1676 1335 καλά·

983 1356 1114 1416 μείων
1147 1354 1230 1418 γὰρ
1265 1356 1391 1402 αἰτία.
1633 1366 1678 1398 55

451 1421 521 1467 υἱὲ
551 1421 797 1478 Ταντάλου,
836 1423 884 1469 σε
917 1421 957 1469 δ’
988 1421 1112 1470 άντία
1144 1424 1366 1485 προτέρων
1413 1421 1677 1485 φθέγξομαι,

363 1543 395 1565 ν.
414 1532 470 1568 24
495 1529 584 1586 παρ’
607 1529 754 1577 εὐάνορι
773 1551 816 1557 -
842 1545 873 1567 ν.
895 1534 950 1567 28.
983 1532 1162 1577 θαύματα
1188 1553 1231 1558 -
1263 1535 1349 1567 ibid.
1374 1534 1516 1581 βροτῶν
1539 1533 1678 1580 φρένας

316 1574 409 1622 ὕπερ
432 1576 499 1612 τὸν
522 1575 648 1622 αληθῆ

407 1673 440 1695 v.
467 1659 523 1695 24.
572 1661 635 1706 [ἐν
660 1660 866 1717 εὐάνορι
876 1662 1145 1696 Boeckhius
1169 1674 1212 1695 ex
1232 1663 1387 1698 Scholiis
1404 1669 1438 1697 et
1454 1664 1592 1708 aliquot
1616 1676 1677 1697 co-

316 1707 467 1742 dicibus.
514 1708 667 1752 Vulgata
690 1720 765 1754 παρ
801 1705 952 1754 ευάνορι
976 1707 1135 1751 profecta
1166 1714 1242 1742 erat
1266 1720 1286 1743 a
1311 1709 1479 1750 metricis
1505 1720 1614 1752 quum
1639 1707 1678 1744 ἐν

316 1753 353 1786 in
377 1735 481 1787 libris
505 1754 670 1796 antiquis,
697 1759 736 1787 ut
762 1754 841 1787 Far.
861 1754 901 1787 A.
929 1754 1004 1787 Pal.
1023 1755 1062 1787 C.
1096 1755 1192 1794 Van,
1217 1755 1347 1788 excidis
1350 1762 1414 1789 set.
1462 1755 1600 1788 Ibidem
1624 1759 1676 1789 te-

315 1803 453 1833 stantur
477 1799 624 1833 Scholia
646 1798 861 1855 γράφεσθαι
884 1812 944 1833 και
971 1798 1183 1853 ἐποικίᾳ.
1246 1801 1285 1833 Id
1311 1805 1428 1835 tuetur
1452 1802 1678 1834 Hermannus

317 1844 447 1889 Opusc.
468 1845 526 1887 Vl,
552 1858 585 1889 p.
603 1844 659 1878 52.
690 1842 850 1903 Ἀποικίᾳ
867 1845 962 1878 enim
979 1845 1143 1889 ingerere
1154 1836 1294 1890 Lydiae
1316 1847 1452 1890 patriae
1468 1846 1677 1880 memoriam

316 1894 458 1934 praeter
487 1891 753 1934 necessitatem,
790 1891 938 1926 §notula
968 1902 1067 1924 mons
1071 1897 1166 1926 trare
1194 1892 1332 1932 locum,
1367 1904 1471 1936 quem
1498 1904 1580 1925 cum
1604 1892 1678 1926 suis

314 1935 495 1980 occuparit
518 1937 660 1979 Pelops.
709 1938 761 1970 De
785 1949 854 1981 quo
879 1927 1084 1970 discrimine
1109 1937 1293 1980 utriusque
1314 1938 1481 1972 vocabuli
1507 1938 1678 1972 videndus

314 1981 522 2026 Kruegerus
546 1982 583 2015 in
607 1983 769 2035 Dionysii
792 1983 1010 2026 Historiogr.
1035 1995 1067 2026 Ρ.
1093 1981 1173 2015 101.
1206 1983 1326 2027 SGH]

431 2027 522 2062 ..28
571 2027 767 2082 [θαύματα
791 2040 853 2072 per
875 2028 1149 2071 imprudentiam
1174 2028 1211 2061 in
1233 2029 1422 2062 editionem
1447 2028 1602 2072 priorem
1626 2028 1678 2061 ir-

316 2077 494 2116 repserat3
526 2072 708 2118 θαυματά
735 2078 874 2118 praeter
898 2074 1044 2107 Scholia
1067 2079 1189 2108 vetera
1219 2078 1433 2118 agnoscunt
1439 2074 1677 2118 grammatici.

315 2117 402 2151 Vide
432 2118 475 2151 de
506 2119 577 2152 hac
609 2124 643 2153 et
674 2120 855 2153 similibus
888 2119 1010 2153 formis
1045 2119 1263 2153 Lobeckium
1296 2120 1332 2153 in
1364 2119 1435 2163 Sop
1437 2120 1474 2152 h.
1508 2119 1563 2153 Αἰ.
1595 2117 1677 2153 704.

314 2175 348 2207 Ρ.
373 2162 442 2196 325
465 2175 560 2208 seqq
591 2166 713 2210 sest]
742 2185 780 2189 —
824 2166 895 2199 Pro
928 2164 1080 2198 lectione
1111 2166 1306 2199 multorum
1336 2165 1513 2199 librorum
1536 2165 1679 2211 βροτῶν

314 2207 454 2254 φρένας
475 2211 641 2244 meliores
660 2212 793 2245 habent
816 2211 960 2256 βροτῶν
983 2209 1115 2255 φάτις,
1141 2211 1234 2254 quod
1258 2211 1414 2254 praefert
1438 2212 1674 2244 Hermannus.

314 2254 477 2288 Voluisse
498 2257 548 2289 ait
570 2261 730 2300 poetam:
757 2258 820 2290 καί
837 2257 912 2291 πού
935 2269 973 2290 τι
997 2256 1060 2290 καὶ
1080 2257 1224 2311 βροτῶν
1248 2255 1359 2313 φάτις
1383 2255 1559 2310 ἐξαπατᾷ,
1583 2267 1676 2289 nunc

313 2300 358 2333 ad
384 2299 497 2344 φάτις
521 2313 582 2344 per
605 2302 861 2346 appositionem
885 2302 1033 2336 adiectis
1058 2302 1178 2336 verbis
1201 2315 1292 2348 υπερ
1317 2301 1385 2337 τὸν
1419 2293 1546 2345 άλαθῆ
1568 2299 1678 2345 λόγον

313 2345 597 2390 δεδαιδαλμένοι
613 2347 769 2391 ψεύδεσι
785 2348 968 2386 ποικίλοις
988 2348 1120 2391 μῦθοι,
1135 2348 1192 2381 his
1204 2348 1509 2381 accommodatum
1526 2349 1678 2381 verbum

315 2388 556 2433 ἐξαπατῶντι.
581 2413 626 2418 —-
657 2395 736 2438 Ego
769 2405 851 2426 cum
874 2393 1056 2427 Boeckhio
1089 2391 1204 2437 φάτιν
1228 2394 1358 2437 probo,
1398 2392 1491 2446 quod
1516 2393 1678 2427 nonnulli

313 2441 475 2471 veterum
508 2443 697 2493 noverunt,
723 2442 762 2472 ut
792 2442 845 2472 est
875 2438 911 2471 in
935 2438 1102 2471 scholiis.
1162 2438 1211 2471 Ac
1242 2450 1324 2471 vere
1354 2438 1487 2472 notavit
1517 2439 1675 2472 Boeckh.

314 2483 458 2537 βροτῶν
483 2482 597 2527 φάτιν
613 2496 690 2518 esse
709 2483 855 2524 famam,
880 2483 1067 2528 vulgarem
1088 2483 1288 2527 opinionem
1308 2488 1342 2517 et
1363 2483 1588 2518 traditionem
1611 2485 1678 2518 ho-

315 2528 464 2571 minum,
498 2540 519 2562 a
541 2540 612 2573 qua
636 2530 899 2574 distinguantur
929 2529 1049 2573 μυθοι
1082 2540 1104 2562 a
1138 2529 1250 2572 poetis
1275 2529 1444 2564 exornati.
1491 2530 1577 2564 Vide
1600 2530 1676 2563 eius

314 2574 574 2618 Explicationes
607 2576 652 2609 ad
682 2575 778 2608 hunc
810 2575 928 2608 locum
960 2578 995 2608 et
1026 2585 1116 2629 quae
1149 2574 1302 2630 disputat
1332 2576 1374 2609 de
1406 2575 1499 2610 Crisi
1529 2575 1674 2610 Pindar.

314 2631 455 2676 paragr.
479 2619 535 2654 26.
559 2633 593 2664 Ρ.
617 2620 674 2655 66.
722 2620 902 2664 [Scholiaz
930 2619 1022 2655 ε’νιοι
1046 2618 1214 2663 φάτιν,
1247 2619 1332 2655 άντι
1355 2621 1423 2656 τοῦ
1447 2619 1514 2661 τὰς
1539 2620 1677 2666 φρένας

313 2666 390 2700 τῶν
420 2664 633 2712 ἀνθρώπων
667 2661 859 2701 ἀπατῶσιν
891 2665 927 2700 οἱ
958 2666 1111 2706 ’ψευδεῖς
1131 2665 1244 2710 λόγοι.
1302 2667 1526 2702 Hermannus
1556 2671 1675 2701 tamen

315 2712 522 2756 opusc.v1‚
547 2725 580 2756 p.
603 2711 662 2747 35.
686 2713 721 2746 in
741 2711 915 2768 ερηιοηιίο,
935 2723 999 2746 sua
1023 2715 1172 2756 perstat;
1199 2712 1274 2746 iure
1294 2723 1370 2754 suo,
1393 2712 1527 2757 opinor.
1553 2711 1675 2755 sest]

406 2757 500 2792 v.37
514 2769 586 2802 seq
633 2758 698 2794 τὸν
723 2755 982 2802 ευνομοὸτατον
1000 2757 1036 2798 ἐς
1054 2757 1185 2804 ἔρανον
1204 2770 1246 2793 ex
1265 2758 1429 2803 plurimis
1449 2758 1555 2794 libris
1573 2757 1676 2792 resti-
