1751 2986
325 59 446 87 xxxn‘

327 153 446 186 culem
470 151 630 191 delatus,
661 148 746 182 hinc
769 148 1058 193 magnificentius
1090 150 1136 183 ad
1160 149 1260 183 urbis
1294 153 1504 184 ornamenta
1527 149 1691 195 mythica

328 213 443 255 redit,
468 211 723 246 suavissimum
746 222 812 254 per
835 211 1021 245 ambitum.
1078 211 1268 245 Praemisit
1290 211 1402 255 igitur
1436 213 1494 255 (er
1517 212 1582 245 hat
1605 222 1690 245 vor-

329 274 571 320 geschlagen)
605 274 726 306 locum
751 273 795 305 de
822 273 1001 314 Hercule,
1037 274 1098 316 qui
1120 274 1156 306 in
1179 273 1251 306 fine
1274 273 1370 306 male
1393 272 1529 316 positus
1552 272 1691 315 fuisset,

331 348 414 380 per
443 334 764 369 aberrationis
798 333 1166 377 simulationem,
1214 334 1307 378 quod
1339 334 1497 367 maxime
1539 333 1692 378 lyricum

331 397 529 431 artificium
562 400 626 428 cst.
688 396 826 428 Eadem
858 396 1013 429 habetur
1044 408 1102 430 res
1133 396 1235 430 Nem.
1262 396 1326 428 III.
1368 395 1423 428 lbi
1458 406 1492 428 v.
1516 394 1563 428 32
1594 406 1693 437 seqq.

332 458 488 502 primum
512 458 556 490 de
582 458 690 490 Peleo
717 461 752 490 et
775 458 975 491 Telamone
999 459 1102 500 dicit,
1139 458 1266 491 deinde
1291 457 1335 490 de
1361 456 1522 498 Achille,
1552 455 1711 489 utrum-‘

334 531 403 562 que
425 521 547 552 locum
571 522 691 551 autem
712 518 922 562 interposita
945 520 1121 553 sententia
1143 518 1260 563 iungit
1282 530 1318 551 v.
1342 517 1398 551 40.
1446 518 1518 552 Sed
1541 529 1586 551 ne
1610 517 1695 551 titu-

332 583 389 614 lus
421 580 644 613 desideretur
677 580 799 613 omnia
833 583 1092 624 complectens,
1127 581 1227 614 initio
1260 579 1430 613 carminis
1460 578 1576 612 v.10.
1599 578 1696 612 lovis

333 642 476 675 laudem
500 645 606 684 parat
631 641 851 675 Nemeorum
875 644 1053 686 praesidis
1077 647 1112 676 et
1134 641 1404 686 Myrmidonum
1428 641 1486 674 dei
1509 640 1637 684 patrii,
1662 643 1698 673 et

337 708 415 746 post
446 703 592 736 fabulas
624 715 659 736 v.
685 702 740 737 65.
765 705 875 737 etiam
908 705 1001 738 redit
1033 705 1078 738 ad
1100 705 1244 745 Iovem,
1282 702 1388 736 huius
1419 702 1552 736 honori
1573 712 1698 734 conse-

335 775 439 800 crans
462 768 578 797 totum
602 766 732 797 locum.
783 765 945 808 Denique
970 765 1078 799 etiam
1105 765 1165 798 hic
1189 776 1292 797 orsus
1322 763 1419 797 lovis
1442 764 1590 797 laudem
1614 773 1698 795 mox
1750 795 1751 799 ,

333 825 514 858 delabitur
546 826 591 858 ad
614 827 833 868 Herculem,
867 838 888 860 a
918 838 987 870 qua
1012 827 1241 861 aberratione
1265 838 1303 859 se
1327 836 1523 867 revocanS,
1551 825 1603 858 sic
1635 824 1699 857 de-
1750 839 1751 843 =

335 897 435 920 mum
459 887 506 919 ad
528 886 770 922 Aeacidarum
791 900 850 922 res
875 893 996 933 gestas
1021 890 1150 934 pergit.
1196 889 1303 922 Vides
1323 886 1561 931 magnificam
1584 889 1699 918 artem

334 951 478 990 poetae,
502 947 612 980 etiam
629 948 807 983 maiorem
825 962 948 983 rerum
966 950 1109 993 copiam
1128 950 1371 993 pulcherrime
1391 959 1504 980 unum
1522 947 1557 980 in
1573 947 1699 980 orbem
1750 979 1751 982 ,

335 1007 551 1052 colligentis.
585 1009 718 1043 Verum
741 1012 835 1044 haec
858 1012 1050 1050 hactenus3
1074 1009 1371 1054 perlustravimus
1389 1009 1509 1042 omnia
1527 1008 1700 1042 carmina.
1750 1020 1751 1023 ’

335 1071 402 1103 Est
418 1069 530 1114 igitur
550 1071 658 1113 plane
686 1072 968 1105 demonstratum
985 1072 1192 1111 Pindarum,
1224 1075 1412 1114 postquam
1439 1082 1504 1113 per
1534 1070 1702 1104 transitus

336 1136 439 1174 aptos
466 1132 513 1164 ad
538 1132 701 1175 mythica
732 1133 944 1174 accesserit,
976 1134 1069 1166 haec
1094 1135 1295 1165 constanter
1320 1131 1367 1164 ad
1389 1142 1498 1164 unam
1524 1131 1702 1165 rationem

335 1205 509 1227 revocare
531 1193 603 1234 sic,
629 1198 668 1227 ut
690 1194 726 1226 in
748 1194 924 1237 principio
948 1198 1058 1237 ponat
1085 1194 1180 1236 quod
1204 1203 1268 1235 pro
1293 1193 1453 1225 themate
1471 1184 1601 1226 haberi
1618 1203 1701 1235 pos-

335 1256 381 1288 sit
413 1260 448 1289 et
471 1257 732 1299 complectatur
756 1260 893 1295 cetera3
925 1256 962 1288 in
986 1256 1058 1288 fine
1091 1266 1178 1288 vero
1203 1258 1264 1288 aut
1296 1254 1388 1288 redit
1420 1255 1467 1287 ad
1491 1253 1702 1297 principium

337 1321 398 1350 aut
429 1317 544 1350 alium
574 1322 699 1360 aptum
731 1317 868 1350 exitum
897 1317 1059 1360 imponit.
1118 1317 1254 1359 Quales
1285 1327 1372 1348 vero
1405 1319 1486 1349 sunt
1514 1315 1554 1349 hi
1585 1314 1704 1349 tituli?

335 1378 562 1422 Magnopere
587 1378 779 1419 erraveris,
814 1378 846 1411 si
866 1379 936 1411 hoc
959 1378 1003 1411 iis
1026 1377 1161 1419 ubique
1184 1376 1300 1409 inesse
1325 1377 1472 1418 credas,
1495 1380 1534 1410 ut
1557 1377 1704 1411 interior

335 1450 458 1472 sensus
482 1440 692 1473 fabularum
715 1439 901 1472 indicetur.
957 1441 1173 1483 Quanquam
1197 1448 1306 1480 saepe
1340 1438 1390 1471 ita
1414 1439 1615 1472 iudicatum
1638 1442 1703 1472 est.

337 1500 434 1534 Sane
450 1502 556 1545 Pyth.
574 1502 632 1534 lv.
658 1501 759 1534 initio
785 1501 960 1545 Apollinis
983 1500 1103 1533 favori
1130 1504 1164 1532 et
1186 1511 1338 1544 regnum
1362 1504 1397 1533 et
1415 1512 1587 1534 coronam
1610 1500 1704 1534 ludi-

338 1573 438 1595 cram
461 1562 636 1595 Arcesilai
661 1562 786 1594 deberi
810 1563 931 1595 dicens
955 1562 1055 1605 ponit
1079 1561 1114 1594 in
1146 1572 1215 1603 quo
1239 1572 1398 1594 summus
1419 1562 1502 1595 finis
1525 1562 1704 1596 narratio-

337 1623 392 1657 nis
415 1624 513 1657 illius
538 1624 648 1663 inest3
685 1624 816 1657 sentire
842 1623 939 1657 enim
962 1628 997 1656 et
1020 1622 1226 1667 intelligere
1256 1624 1333 1656 vult
1355 1635 1483 1667 regem
1508 1635 1529 1656 a
1553 1625 1704 1658 deorum

337 1686 480 1718 numine
505 1690 540 1719 et
567 1687 748 1719 voluntate
773 1687 867 1719 haec
883 1686 1015 1718 decora
1038 1685 1202 1728 profecta
1227 1695 1317 1717 esse.
1355 1686 1427 1719 Sed
1444 1685 1566 1719 statim
1588 1686 1626 1719 in
1648 1687 1704 1720 al-

336 1750 415 1779 tera
440 1751 542 1789 parte
567 1747 734 1780 carminis
757 1748 1048 1791 Argonautarum
1072 1746 1335 1790 expeditionem
1358 1746 1587 1791 significam,
1611 1749 1705 1791 quod

338 1808 590 1849 Euphemidae
623 1812 699 1841 tum
723 1809 792 1842 orti
816 1809 905 1850 sint,
937 1820 975 1842 sc
1000 1813 1247 1850 narraturum,
1281 1818 1350 1840 non
1382 1807 1518 1841 indicat
1549 1809 1705 1852 primum

336 1867 448 1901 finem
472 1868 631 1910 fabulae,
658 1870 718 1912 qui
744 1869 778 1902 in
801 1870 938 1903 Iasonis
954 1869 1115 1914 imagine
1134 1870 1367 1913 proponenda
1381 1873 1557 1902 versatur.
1590 1870 1705 1914 Atque

337 1933 374 1962 ut
398 1929 496 1963 aliud
521 1931 686 1972 afferam,
712 1929 770 1964 01.
791 1932 819 1964 Ι.
845 1942 887 1964 eo
911 1931 1057 1964 fabulas
1081 1934 1270 1964 revocatas
1296 1930 1458 1970 vidimus,
1486 1932 1580 1974 quod
1598 1932 1705 1966 Pelo-

337 1989 391 2032 pis
416 1991 558 2024 colonia
577 1991 750 2035 Olympia
773 1992 902 2034 fuerit,
926 1994 1057 2036 Pelops
1079 1992 1132 2026 ibi
1156 1992 1366 2032 certaverit,
1387 1993 1610 2037 regnaverit,
1633 1994 1705 2027 hu-

339 2051 394 2084 ius
416 2052 491 2085 ludi
515 2053 601 2092 sint3
635 2057 672 2086 at
693 2065 875 2087 summum
898 2059 1019 2088 tamen
1044 2055 1232 2088 consilium
1257 2057 1386 2098 poetae
1409 2055 1510 2088 aliud
1532 2055 1601 2088 fuit
1621 2056 1705 2097 hoc,

338 2115 376 2146 ut
400 2115 605 2156 exemplum
637 2114 840 2150 felicissimi
873 2116 994 2150 herois
1018 2117 1248 2150 exhiberetur
1283 2127 1306 2149 a
1329 2116 1494 2160 Neptuno
1516 2116 1706 2161 insigniter

338 2175 450 2207 amati
475 2179 510 2207 ct
534 2186 555 2208 a
579 2177 748 2219 superbia
772 2178 903 2221 alieni,
929 2189 1000 2211 una
1024 2190 1107 2211 cum
1130 2178 1279 2212 Tantali
1302 2177 1482 2212 contraria
1504 2182 1612 2211 sorte.
1651 2177 1704 2211 Ne

338 2236 472 2274 multfl3
499 2236 612 2278 Vides,
632 2239 717 2281 quid
740 2251 798 2273 res
819 2240 874 2273 sit.
907 2240 1041 2274 Totum
1059 2240 1258 2274 artificium
1270 2239 1467 2273 institutum
1485 2243 1539 2273 est
1556 2249 1578 2272 a
1597 2243 1704 2283 poeta

338 2306 421 2329 eum
444 2296 481 2329 in
504 2297 613 2331 finem
627 2325 635 2340 ,
669 2304 706 2333 ut
729 2302 868 2344 species
891 2302 1036 2336 unitatis
1067 2314 1110 2335 ne
1135 2301 1226 2335 desit
1249 2301 1385 2344 pulcris
1409 2300 1467 2333 his
1489 2301 1705 2336 narrationi-

336 2357 424 2399 bus,
455 2358 604 2393 interior
628 2366 749 2396 autem
772 2364 862 2397 ratio
887 2366 1098 2407 plerumque
1129 2363 1203 2396 alia
1227 2366 1291 2396 est.
1348 2361 1418 2395 Ubi
1443 2363 1535 2396 enim
1560 2366 1705 2406 praeter

335 2427 515 2452 summum
539 2420 648 2454 finem
683 2424 719 2457 in
750 2424 984 2458 fundamento
1017 2423 1186 2458 carminis
1222 2424 1393 2467 cuiusque
1417 2424 1572 2468 positum
1595 2423 1705 2458 etiam

336 2479 448 2513 alium
472 2481 620 2527 habent,
644 2485 725 2519 inde
749 2486 826 2520 fere
851 2490 1021 2530 petuntur
1042 2486 1232 2529 formulae,
1260 2486 1373 2519 veluti
1396 2486 1453 2520 01.
1471 2487 1499 2520 Ι.
1525 2489 1566 2519 ut
1587 2485 1704 2519 victo-

336 2541 392 2575 ria
415 2553 436 2576 e
460 2544 646 2579 nobilitate
669 2546 739 2580 loci
763 2546 960 2581 illustretur
974 2575 982 2591 ,
1009 2549 1186 2582 secundus
1209 2548 1416 2582 fabularum
1439 2547 1520 2582 finis
1545 2551 1617 2590 est,
1641 2552 1703 2582 aut
