1751 2986
298 142 362 170 mv

298 246 418 268 rerum
445 237 616 269 tractatur
648 235 683 267 et
708 232 908 277 explicatur
927 243 971 265 ex
996 232 1082 276 ipsis
1107 232 1325 278 originibus,
1354 244 1428 267 una
1457 245 1539 267 cum
1562 234 1664 268 The-

296 297 394 330 ronis
417 300 529 338 sorte,
561 296 722 330 eiusdem
756 293 1012 328 vicissitudinis
1043 297 1226 339 exemplo,
1259 294 1388 329 deinde
1421 295 1558 329 directa
1582 306 1666 329 ora-

297 357 393 391 tione
418 359 463 391 ad
487 358 639 391 virtutes
658 356 728 390 viri
752 355 857 396 redit,
885 356 978 390 unde
1003 367 1103 390 orsus
1128 361 1217 391 erat.
1264 357 1316 390 Ac
1339 356 1494 390 felicitas
1520 356 1665 400 quidem

297 419 478 454 Theronis
510 419 621 463 digna
655 418 848 451 virtutibus
876 417 910 450 in
934 418 1121 461 prooemio
1154 417 1361 451 monstratis
1393 429 1484 451 nunc
1509 422 1588 461 post
1610 418 1666 451 in-

297 485 441 526 gentem
458 481 603 513 laudem
623 477 851 512 liberalitatis
876 482 910 511 et
928 479 1160 524 benignitatis
1177 479 1296 524 magis
1322 478 1432 512 etiam
1455 480 1585 513 merita
1609 479 1667 513 vi-

296 543 410 582 detur,
436 542 543 574 simul
564 552 652 574 vero
678 540 800 581 etiam,
825 544 993 582 quantum
1012 541 1098 573 satis
1123 545 1187 582 est,
1213 541 1302 574 illud
1328 541 1508 584 docemur,
1534 541 1667 575 adver-

296 613 416 636 sarum
441 614 562 635 rerum
586 602 770 646 mythicae
796 600 1036 645 expositiones
1062 614 1130 645 quo
1156 603 1367 646 pertineant.
1398 604 1458 636 Sic
1483 603 1667 636 absolutus

297 674 421 696 cursus
445 663 624 696 carminis.
658 682 701 688 —
735 663 806 696 Sed
839 663 896 696 his
929 664 1116 707 explicatis
1148 665 1292 697 tertium
1327 664 1479 708 denique
1511 663 1666 697 subiicio

296 737 410 770 genus
442 725 602 758 eiusdem
628 724 900 767 descriptionis,
936 725 998 757 ubi
1025 730 1097 758 tam
1128 725 1315 758 indefinita
1347 730 1399 760 est
1424 726 1457 759 in
1482 725 1666 770 prooemio

295 788 545 831 praeparatiO,
578 792 615 820 ut
640 786 714 819 alia
738 786 919 819 definitior
952 786 1125 819 nuntiatio
1150 787 1311 830 proxime
1336 790 1417 830 post
1441 786 1667 829 prooemium

293 852 448 891 ponatur
471 847 507 880 in
532 846 619 890 ipsis
642 847 864 880 tractationis
889 847 1007 881 initiis.
1057 848 1114 881 01.
1141 848 1215 880 VH.
1241 848 1479 891 prooemium,
1503 849 1597 892 quod
1620 849 1667 882 de

294 909 394 952 poesi
420 913 472 942 est
495 909 651 942 victores
675 910 840 942 ludorum
865 909 1090 942 exhilarante
1114 908 1322 952 famamque
1346 910 1479 942 bonam
1503 914 1666 954 parante,

293 973 488 1013 praeparat
510 971 658 1003 laudem
683 975 717 1004 et
741 970 985 1004 defensionem
1004 970 1189 1014 Diagorae
1215 970 1367 1003 carmini
1383 971 1577 1014 subiectas,
1600 972 1664 1006 sed

293 1031 533 1072 indefinitius3
571 1043 682 1076 quare
706 1033 852 1076 propior
875 1031 1049 1065 nuntiatio
1074 1042 1194 1064 rerum
1218 1043 1312 1065 nune
1336 1036 1417 1076 post
1440 1032 1666 1076 prooemium

293 1093 447 1137 legitur,
483 1093 547 1126 ubi
571 1094 686 1137 ipsam
713 1095 966 1128 tractationem
990 1093 1107 1127 laudis
1134 1094 1281 1127 orditur.
1340 1094 1487 1128 Venisse
1518 1107 1556 1129 se
1583 1107 1666 1129 cum

292 1155 456 1200 Diagora
492 1156 542 1189 ait
573 1156 680 1189 simul
705 1156 828 1190 Rhodi
859 1156 1005 1190 laudem
1029 1156 1228 1197 ferentem,
1263 1160 1301 1189 ut
1325 1157 1376 1190 sic
1409 1162 1511 1191 ornet
1534 1157 1665 1201 virum,

293 1227 398 1259 quem
426 1228 517 1249 nunc
543 1228 624 1249 cum
651 1221 752 1261 patre
778 1217 976 1261 praedicat.
1016 1218 1164 1260 lamque
1182 1217 1284 1250 finita
1300 1218 1451 1261 praevia
1474 1219 1582 1253 laude
1606 1219 1665 1253 fa-

291 1277 415 1310 miliae
440 1278 485 1310 ad
509 1277 606 1321 ipsas
631 1279 774 1312 fabulas
798 1279 962 1312 Rhodias
994 1279 1130 1319 transit,
1158 1278 1286 1322 quibus
1311 1280 1482 1322 expositis
1507 1281 1551 1313 ad
1576 1281 1665 1315 Dia-

291 1350 405 1384 gorae
431 1340 556 1372 laudes
578 1342 848 1384 pertractandas
871 1341 975 1381 redit,
1002 1340 1110 1374 simul
1133 1340 1278 1373 fabulas
1300 1341 1495 1384 explicans,
1521 1332 1664 1386 quibus,

292 1412 401 1443 quum
425 1403 503 1434 laus
530 1406 564 1435 et
589 1402 750 1435 defensio
775 1403 960 1448 Diagorae
989 1406 1142 1448 agatur,
1168 1414 1258 1436 nunc
1285 1402 1420 1436 directa
1445 1404 1605 1439 oratione
1630 1409 1666 1440 et

289 1461 535 1496 fortitudinem
560 1465 745 1507 praedicat
778 1469 813 1498 et
838 1466 883 1498 ab
910 1463 1100 1498 insolentia
1132 1467 1167 1497 et
1192 1463 1365 1497 violentia
1403 1465 1561 1499 alienum
1586 1467 1665 1501 ani-

290 1535 402 1556 mum.
449 1524 611 1567 Denique
636 1527 729 1559 addo
754 1527 856 1561 'Nem-
884 1527 948 1560 XI.
996 1527 1036 1559 ln
1062 1526 1247 1569 prooemio
1273 1525 1462 1559 invocatur
1482 1527 1600 1569 vesta,
1626 1531 1665 1562 ut

290 1596 423 1619 novum
443 1587 610 1630 prytanin
624 1588 874 1633 Aristagoram
898 1589 1053 1633 benigne
1078 1586 1232 1630 recipiat
1256 1587 1386 1630 detque
1411 1589 1511 1622 nullo
1537 1590 1664 1624 dolore

291 1648 538 1681 contristatum
561 1649 799 1693 magistratus
823 1660 978 1681 cursum.
1029 1649 1096 1682 liis
1120 1649 1242 1682 verbis
1258 1648 1438 1683 definitior
1462 1661 1663 1695 praepara-

288 1708 338 1743 tio
363 1710 520 1742 nondum
544 1709 646 1743 inest.
681 1711 764 1754 Ipsa
781 1710 880 1744 initia
904 1714 984 1754 post
1004 1710 1230 1754 prooemium
1251 1710 1441 1751 habentur,
1468 1713 1531 1746 ubi
1555 1725 1663 1757 prae-

288 1771 400 1804 missa
423 1771 528 1804 brevi
552 1772 660 1804 laude
685 1771 797 1815 patris
822 1772 998 1814 (welches
1022 1771 1332 1816 vorgesehlagen)
1367 1784 1448 1807 cum
1473 1776 1582 1809 laude
1606 1777 1664 1810 lu-

290 1832 389 1866 dicra
420 1833 619 1866 modestiae
652 1833 933 1867 admonitionem
969 1832 1079 1875 ponit.
1140 1833 1245 1864 Haec
1279 1837 1332 1866 est
1367 1846 1455 1869 vera
1486 1825 1673 1872 nuntiatio*

289 1894 477 1935 carminis,
506 1895 599 1937 quod
621 1894 870 1928 fortitudinem
893 1895 1035 1935 laudat,
1069 1893 1283 1926 modestiam
1309 1907 1396 1929 vero
1422 1901 1660 1935 commendat.

287 1956 336 1989 Et
359 1956 406 1989 ad
429 1955 692 1989 admonitiones
716 1955 861 1998 quidem
893 1954 927 1987 in
951 1955 1023 1988 fine
1056 1954 1170 1997 redit,
1202 1954 1413 1998 interposita
1444 1958 1665 1994 fortitudinis

287 2017 407 2051 laude.
440 2018 506 2051 Est
530 2029 616 2051 vero
640 2016 871 2060 interpositus
894 2016 996 2048 locus
1021 2017 1080 2050 hic
1108 2016 1267 2050 maxima
1293 2028 1336 2050 ex
1361 2023 1463 2060 parte
1487 2031 1556 2053 non
1581 2032 1663 2066 my-

287 2079 424 2120 thiens,
449 2081 557 2123 plane
581 2083 620 2112 ut
642 2079 746 2112 Nem.
771 2078 828 2110 Vl.
877 2078 1104 2123 Interpositio
1137 2090 1225 2112 vero
1250 2078 1365 2112 laudis
1389 2078 1544 2122 optima,
1579 2081 1664 2125 quia

288 2152 419 2174 causas
442 2141 504 2174 hic
529 2143 631 2174 locus
656 2141 809 2174 continet
833 2139 1115 2173 admonitionum
1141 2140 1378 2183 sequentium.
1422 2141 1540 2184 Quum
1566 2143 1662 2177 enim

286 2203 520 2247 Aristagoras
545 2202 601 2235 vir
626 2202 730 2235 fortis
754 2205 866 2242 esset,
902 2201 1015 2235 metui
1040 2205 1204 2245 poterat,
1230 2213 1274 2234 ne
1298 2202 1439 2237 maiora
1463 2204 1661 2240 affectaret.

286 2264 475 2297 Postremo
509 2264 553 2297 de
586 2264 774 2307 prooemio
803 2263 852 2297 ita
882 2268 1018 2304 statue,
1057 2263 1203 2297 Vestam
1237 2263 1288 2307 sic
1322 2264 1489 2298 daturam
1514 2265 1661 2300 felicem

288 2337 451 2368 cursum,
483 2326 513 2359 si
547 2325 627 2369 pius
652 2329 687 2359 et
719 2326 904 2359 modestus
935 2324 990 2359 sit.
1048 2325 1163 2367 Atque
1187 2325 1280 2358 haec
1305 2324 1451 2367 quidem
1475 2326 1518 2359 de
1543 2326 1661 2370 prima

286 2386 420 2421 forma.
972 2428 974 2431 .

377 2449 497 2494 Pergo
522 2449 568 2482 ad
588 2448 702 2483 aliam
725 2448 894 2489 similem,
919 2447 980 2480 ubi
1007 2457 1078 2479 una
1095 2456 1180 2489 pars
1204 2445 1240 2478 in
1265 2449 1336 2480 tres
1366 2447 1483 2482 divisa
1504 2450 1661 2485 habetur

286 2511 403 2552 locos,
427 2509 645 2553 interpositis
669 2511 769 2554 aliis,
803 2511 874 2544 hoc
897 2509 1025 2543 modo:
1061 2516 1084 2539 a
1102 2507 1124 2539 b
1146 2517 1167 2539 a
1187 2519 1205 2539 c
1225 2515 1256 2537 a.
1302 2509 1362 2544 Sic
1385 2509 1659 2556 intelligendum

288 2634 443 2678 primum
468 2645 613 2669 carmen
638 2635 764 2669 Isthm.
792 2636 819 2669 1.
856 2636 895 2669 In
922 2636 1107 2680 prooemio
1132 2639 1211 2672 laus
1229 2637 1443 2672 Thebarum
1466 2636 1608 2671 ludicra
1624 2640 1660 2672 et
