1794 2982
358 130 438 170 336
825 127 1186 167 EXCURSUS
1222 128 1254 167 1.

358 235 551 268 Veniamus
575 233 621 266 ad
644 232 840 265 secundum
866 232 973 266 diem.
1017 233 1111 275 Quid
1136 233 1188 267 ibi
1211 232 1383 278 gestum?
1419 234 1558 267 Eadem
1581 233 1726 268 fuerunt

360 306 513 340 genera,
540 305 631 337 quae
656 294 773 337 primo
799 295 867 335 die,
894 294 959 327 nisi
985 296 1079 337 quod
1103 306 1193 327 nunc
1219 296 1446 339 pancratium
1471 296 1643 336 accessit,
1681 306 1725 328 ac

350 369 402 391 ‚ne
432 357 562 389 iterum
592 366 653 387 sex
678 366 814 399 genera
850 355 1042 388 existerent
1067 356 1234 398 idemque
1268 356 1533 389 incommodum
1558 356 1725 397 oriretur,

359 422 504 461 propter
529 417 622 459 quod
646 416 871 460 pancratium
897 417 943 449 ab
969 417 1202 450 antecedente
1227 418 1285 451 die
1308 423 1510 458 remotum,
1546 429 1637 450 nunc
1662 428 1724 449 cu-

360 481 437 512 rule
467 484 649 511 certamen
683 478 820 510 nullum
850 477 936 518 fuit,
973 478 1100 510 tertius
1131 483 1251 512 autem
1285 480 1361 512 dies
1386 480 1493 522 primi
1519 478 1590 512 diei
1614 478 1725 511 ratio-

359 553 441 573 nem
466 541 654 583 repetebat
688 543 722 571 et
753 539 804 571 sic
837 538 1016 581 deinceps.
1070 540 1172 573 Haec
1197 540 1307 586 igitur
1338 541 1416 575 fere
1442 538 1632 584 descriptio
1657 538 1727 574 fuit

360 602 519 645 proxime
545 606 624 645 post
649 601 706 635 Ol.
730 600 799 634 77:

496 662 530 696 1.
556 661 713 706 δρόμος,
740 663 859 706 πάλη,
884 661 1031 707 πυγμή,
1058 660 1226 709 ἅρματα,
1250 662 1474 699 πένταθλον.

493 724 527 758 2.
553 722 801 768 παγκράτιον,
828 722 982 768 δρόμος,
1006 724 1125 768 πάλη,
1150 724 1297 770 πυγμή,
1321 725 1544 760 πένταθλον.

493 786 527 820 3.
553 784 709 830 δρόμος,
734 785 853 829 πάλη,
878 784 1026 829 πυγμή,
1052 785 1214 831 ἀπῆναι,
1237 789 1462 822 πένταθλον.

493 845 528 880 4.
553 846 804 893 παγκράτιον,
831 847 985 893 δρόμος,
1007 847 1126 892 πάλη,
1151 847 1298 892 πυγμή,
1323 848 1545 883 πένταθλον.

492 908 528 943 5.
554 908 710 954 δρόμος,
735 907 855 952 πάλη,
881 908 1026 953 πυγμή,
1053 910 1218 954 κέλητες,
1245 911 1468 945 πένταθλον.

449 971 554 1013 Quod
579 967 727 1014 ἅρματα
752 975 834 1003 ante
859 970 1072 1004 πένταθλον
1097 972 1220 1015 posui,
1245 972 1278 1005 in
1304 983 1346 1005 eo
1372 972 1567 1004 Pindarum
1595 974 1627 1004 et
1652 972 1725 1004 Xe-

357 1031 578 1074 nophontem
605 1037 777 1074 sequutus
801 1043 896 1073 sum,
934 1033 1132 1065 Pausanias
1156 1034 1299 1076 quidem
1323 1035 1401 1066 loco
1426 1044 1536 1076 supra
1560 1032 1725 1075 apposito

357 1090 404 1125 τοὶ
430 1092 544 1136 ἱερεῖα
569 1093 689 1125 dicens
713 1093 927 1126 πεντάθλου
952 1094 1013 1127 καὶ
1030 1091 1169 1138 δρόμου
1196 1096 1269 1127 τῶν
1289 1094 1412 1127 ἵππων
1434 1092 1568 1138 ῧστερα
1589 1091 1725 1136 α’γωνι-

357 1153 507 1197 σμάτων
531 1155 749 1196 sacrificari,
784 1155 966 1188 inversum
1001 1155 1162 1187 ordinem
1195 1155 1311 1189 videri
1342 1160 1458 1198 potest
1480 1155 1657 1196 indicare,
1691 1156 1726 1187 et

357 1226 466 1258 saepe
485 1215 659 1256 dubitavi,
679 1217 761 1259 quid
783 1222 996 1256 statuerem3
1014 1217 1075 1249 sed
1099 1216 1213 1259 potuit
1233 1217 1427 1250 Pausanias
1447 1216 1611 1249 ultimum
1626 1214 1726 1259 prius

357 1277 564 1318 nominare,
596 1281 671 1310 tum
707 1279 839 1311 addere
864 1281 986 1311 curule
1012 1284 1217 1320 certamen,
1251 1279 1334 1321 quia
1360 1283 1549 1321 utrumque
1571 1276 1725 1320 impedi-

356 1342 475 1370 mento
501 1337 620 1370 fuerat
645 1340 848 1381 pancratio,
883 1340 998 1383 potuit
1022 1339 1150 1379 etiam,
1186 1340 1279 1382 quod
1313 1344 1432 1372 tamen
1456 1339 1574 1388 minus
1598 1338 1724 1381 probo,

358 1405 482 1442 postea
508 1399 635 1432 inverti
662 1402 768 1441 ordo,
795 1406 832 1434 ut
858 1401 1074 1440 Pausanias,
1100 1402 1193 1444 quod
1217 1413 1281 1433 suo
1306 1406 1469 1444 tempore
1494 1400 1652 1441 videret,
1678 1399 1724 1432 ad

356 1462 472 1504 ipsam
504 1461 731 1504 Olympiadis
762 1461 817 1494 77.
860 1463 1096 1495 mutationem
1130 1463 1301 1496 retulerit.
1364 1461 1542 1505 Quidquid
1577 1464 1651 1500 est,
1688 1459 1724 1493 in

358 1528 478 1555 cetera
505 1523 742 1566 descriptione
768 1524 858 1557 nihil
883 1528 1051 1565 mutatur,
1088 1524 1228 1557 etiamsi
1253 1524 1332 1567 quis
1356 1524 1539 1556 inversum
1563 1521 1725 1554 ordinem

355 1584 551 1627 praeferat.
602 1585 800 1627 Explicabo
827 1597 917 1617 nunc
943 1590 1075 1618 cetera.
1135 1585 1296 1618 Primum
1321 1584 1431 1629 igitur
1454 1582 1637 1627 proposita
1661 1582 1725 1615 de-

354 1645 501 1688 scriptio
536 1650 574 1678 ut
606 1658 670 1688 per
704 1658 742 1678 se
767 1646 1025 1688 aequabilitate
1057 1648 1192 1690 placet,
1230 1647 1281 1680 ita
1314 1646 1547 1679 confirmatur
1578 1643 1726 1676 Pindari

355 1708 435 1740 loco
459 1707 515 1740 Ol.
538 1707 577 1747 V,
596 1706 629 1746 6,
650 1706 696 1747 7.,
723 1707 783 1738 ubi
809 1706 964 1749 quinque
988 1708 1153 1739 ludorum
1177 1707 1253 1739 dies
1276 1707 1327 1739 sic
1353 1706 1602 1750 designantur:
1628 1716 1724 1748 πεμ-

354 1766 535 1813 πτάμεροι
559 1765 708 1810 ἅμιλλαι
733 1768 882 1809 ἵπποις,
906 1765 1073 1811 ἡμιόνοις
1098 1779 1136 1800 τε
1162 1770 1401 1812 μοναμπυκίᾳ
1431 1779 1482 1800 τε.
1534 1767 1723 1809 Quomodo

356 1833 475 1863 autem
501 1841 565 1873 per
591 1828 744 1872 quinque
771 1830 846 1862 dies
873 1830 1003 1862 certari
1036 1834 1151 1873 potest
1183 1829 1297 1863 tribus
1330 1830 1388 1862 his
1413 1829 1626 1873 generibnS,
1657 1827 1725 1861 nisi

354 1889 491 1932 prim0,
527 1889 650 1932 tertio,
685 1891 805 1933 quinto
830 1892 887 1924 die
914 1896 1088 1931 certatur,
1126 1891 1175 1924 uti
1199 1891 1233 1923 in
1258 1895 1379 1923 nostra
1404 1890 1642 1934 descriptione
1667 1889 1724 1922 vi-

355 1948 447 1982 des?
496 1950 664 1983 Ceterum
690 1949 845 1995 οἷπῆνάι,
871 1953 1006 1986 ascitae
1026 1953 1071 1986 01
1106 1951 1161 1984 70.
1190 1954 1314 1995 (antea
1338 1952 1447 1996 igitur
1471 1949 1618 1996 ἅρματα
1643 1954 1722 1984 tan-

354 2015 431 2044 tum
457 2015 490 2044 et
516 2011 660 2054 κέλητες
686 2014 901 2055 certabant),
928 2015 1085 2047 abolitae
1110 2020 1189 2047 sunt
1213 2015 1267 2047 01.
1287 2012 1354 2055 84,
1381 2013 1426 2046 cf.
1447 2013 1646 2046 Boeckh.
1676 2012 1722 2044 ad

353 2073 477 2106 Schol.
507 2073 610 2107 Pind.
642 2075 698 2108 Ol.
719 2076 775 2108 lv.
796 2088 828 2119 p.
849 2075 926 2108 118.
960 2081 993 2108 et
1010 2076 1038 2108 Ρ
1050 2087 1129 2108 aus
1144 2087 1208 2108 an.
1230 2076 1267 2117 Y,
1289 2074 1322 2116 9,
1347 2075 1392 2116 l.‚
1418 2074 1722 2118 quemadmodum

354 2134 463 2167 etiam
482 2132 623 2178 κάλπης
646 2135 794 2178 δρόμος,
819 2137 988 2180 quamdiu
1008 2137 1231 2178 habebatur,
1257 2137 1377 2180 quinto
1397 2136 1504 2169 credo
1527 2135 1584 2168 die
1609 2139 1721 2176 actus,

353 2195 416 2228 ubi
441 2195 585 2238 κέλητες
611 2201 847 2239 certaverant,
873 2203 947 2231 tum
969 2198 1130 2231 sublatus
1150 2202 1202 2230 est
1262 2198 1332 2231 Sed
1362 2198 1415 2231 Ol.
1438 2197 1494 2230 93.
1520 2197 1722 2230 introducta

354 2268 417 2299 pro
441 2256 484 2288 iis
512 2255 580 2290 δύο
612 2258 735 2291 ἵππων
763 2261 908 2293 τελείων
935 2261 1090 2304 συνωρίς
1113 2260 1307 2292 secundum
1335 2260 1530 2292 Pausan.
1554 2257 1593 2298 V,
1612 2258 1646 2298 8,
1663 2257 1719 2291 13.

353 2322 387 2350 et
405 2318 485 2349 Iul.
511 2319 783 2353 Africanum
816 2322 910 2364 apud
935 2322 1078 2362 Ense—b„
1104 2326 1140 2354 ut
1160 2321 1288 2354 iterum
1315 2322 1384 2355 tria
1413 2330 1548 2365 genera
1575 2318 1720 2352 fuerint.

353 2379 519 2411 Ceterum
543 2384 579 2411 ut
596 2380 628 2411 in
647 2381 817 2424 Olympia
840 2382 889 2414 ita
908 2383 941 2415 in
961 2382 1087 2414 ceteris
1106 2384 1198 2416 ludis
1222 2383 1386 2416 omnibus
1408 2383 1517 2425 bigae
1539 2385 1619 2423 post
1631 2390 1720 2422 qua-

353 2439 476 2483 drigas
509 2445 696 2482 receptae,
731 2453 843 2483 neque
880 2455 950 2487 ogo
978 2443 1145 2477 idoneam
1174 2455 1321 2476 causam
1352 2443 1477 2482 viden,
1503 2452 1613 2484 quare
1639 2453 1720 2474 cum

351 2501 614 2533 Hermanno
640 2502 683 2533 ad
706 2503 837 2534 Electr.
858 2502 935 2535 715.
965 2504 1185 2547 Sophoclem
1212 2506 1357 2537 credam
1392 2515 1517 2546 parum
1547 2502 1720 2546 temporis

351 2561 531 2594 curiosum
556 2567 678 2594 contra
711 2574 848 2595 morem
886 2564 1104 2607 antiquitatis
1143 2565 1175 2597 in
1210 2566 1326 2608 prisco
1363 2564 1557 2597 certamine
1586 2563 1718 2607 Pythio

349 2622 456 2666 bigas
476 2634 693 2656 memorasse
717 2635 780 2667 pro
807 2625 1007 2669 quadrigis,
1034 2637 1140 2669 quum
1167 2631 1273 2669 poeta
1300 2632 1338 2659 ut
1362 2626 1499 2659 medios
1517 2636 1628 2668 equos
1655 2626 1718 2666 ζυ-

347 2684 451 2726 γίους
480 2689 716 2727 memoraret,
750 2697 838 2730 opus
866 2699 933 2720 non
957 2692 1070 2729 esset,
1104 2688 1164 2731 qui
1193 2688 1236 2721 de
1265 2688 1435 2722 extremis
1462 2692 1599 2722 tantum
1623 2688 1715 2721 late-

1788 1679 1791 1708 Ι

1778 1865 1791 2081 κ
