1751 2986
203 216 298 243 cvln
783 201 988 243 lNDEX

202 309 256 344 01
266 319 377 354 ymp.
410 309 456 342 X.
514 306 733 352 Agesidamo
764 308 985 341 Archestrati
1015 307 1042 341 f.
1078 307 1195 342 Locro
1217 305 1464 352 Epizephyrio
1496 317 1565 350 pu-

268 366 385 411 gilatu
407 365 498 398 inter
520 375 651 408 pueros
673 363 802 398 victori
827 364 1065 408 probabiliter
1088 365 1235 410 Olymp.
1259 364 1316 397 7⁴.
1343 364 1441 407 (cod.
1467 363 1564 397 Vrat.

270 422 415 465 Olymp.
440 420 514 462 76.)
529 445 537 461 ,
564 420 756 465 Olympiae
783 424 984 463 cantatum,
1009 424 1197 465 praesente
1220 425 1296 455 tum
1319 421 1490 454 Pindaro.

202 479 379 522 Olymp.
405 477 465 510 XI.
512 476 642 510 Eidem
667 477 713 510 ob
740 478 892 510 eandem
915 477 1118 520 victoriam,
1141 480 1250 523 longo
1275 480 1354 521 post
1376 475 1565 510 victoriam

271 534 462 567 intervallo
486 533 626 567 Thebis
657 533 692 566 in
725 533 854 566 urbem
886 534 1083 568 Locrorum
1117 533 1446 579 Epizephyriorum
1480 533 1567 566 mis-

270 601 349 623 sum
372 590 495 633 ibique
520 590 554 623 in
578 590 815 623 sollemnibus
838 590 1013 623 victoriae
1036 591 1269 625 redeuntibus
1292 593 1487 624 cantatum.

204 648 378 691 Olymp.
405 647 484 679 XII.
530 647 696 691 Ergoteli
720 646 924 680 Philanoris
954 647 978 679 f.
1010 647 1228 689 Himeran,
1260 647 1406 682 dolicho
1438 644 1568 679 victori

270 704 417 747 Olymp.
442 703 498 737 77.
532 702 567 736 in
602 702 726 736 Sicilia
757 704 1014 747 compositum,
1054 705 1228 738 Himerae
1269 706 1453 737 cantatum
1488 703 1569 745 post

269 760 433 793 reditum.

204 818 379 861 Olymp.
406 815 503 850 XIII.
551 815 780 859 Xenophonti
798 816 969 849 Thessali
992 816 1018 850 f.
1045 817 1242 860 Corinthio,
1268 815 1382 850 stadio
1408 817 1442 849 et
1465 814 1567 858 quin-

272 873 410 916 quertio
442 872 571 906 victori
596 872 742 917 Olymp.
767 871 823 905 79.
857 872 1019 906 Corinthi
1044 877 1226 908 cantatum
1258 874 1293 907 in
1318 871 1568 906 comissatione

271 929 352 963 lovi
375 929 514 963 habita.

205 987 335 1030 Olym
346 997 380 1028 p.
407 986 499 1018 xlv.
546 985 726 1028 Asopicho
752 984 938 1017 Cleodami
964 985 989 1017 f.
1015 985 1258 1019 orchomenio
1278 986 1427 1025 Boeoto,
1453 983 1568 1017 stadio

271 1042 363 1075 inter
387 1053 518 1085 pueros
540 1041 669 1075 victori
687 1041 831 1085 Olymp.
851 1040 906 1073 76.
942 1041 1160 1076 Orchomeni
1177 1045 1358 1076 cantatum
1383 1042 1418 1075 in
1435 1050 1570 1085 pompa

274 1098 410 1131 Gratiis
435 1099 559 1140 ducta,
584 1098 683 1131 haud
707 1098 815 1131 dubie
839 1108 861 1131 a
885 1099 1018 1142 pueris.

674 1239 1095 1284 PYTHIA.

205 1325 336 1369 l'yth.
371 1323 400 1356 1.
461 1323 611 1357 Hieroni
643 1324 852 1358 Dinomenis
893 1325 920 1359 f.
953 1326 1129 1367 Aetnaeo,
1173 1326 1435 1369 Syracusarum
1476 1322 1570 1367 regi,

273 1392 379 1413 curru
411 1380 540 1414 victori
573 1381 682 1425 Pyth.
718 1380 772 1413 29.
808 1382 954 1426 Olymp.
987 1381 1044 1425 76,
1070 1382 1103 1415 3.
1160 1382 1295 1415 Aetnae
1328 1384 1510 1414 cantatum
1533 1379 1570 1412 in

273 1437 524 1470 comissatione
547 1438 644 1481 apud
667 1438 905 1472 Dinomenem
928 1439 1099 1472 Hieronis
1120 1439 1169 1480 f.;
1205 1442 1285 1482 post
1308 1438 1423 1482 ipsam
1455 1438 1570 1471 victo-

273 1494 367 1526 riam
390 1494 575 1537 scriptum.

207 1551 395 1584 Carmen
419 1551 463 1583 11.
510 1550 638 1583 Eidem
662 1551 812 1584 Hieroni
836 1552 1051 1595 Syracusio,
1082 1551 1266 1596 quadrigis
1290 1562 1464 1594 equorum
1486 1550 1570 1593 pul-

274 1608 391 1639 lorum
424 1607 553 1639 victori
577 1608 716 1640 Thebis
748 1608 782 1640 in
806 1608 996 1641 Heraclcis
1022 1620 1048 1641 s.
1074 1607 1197 1641 Iolaiis
1213 1633 1220 1647 ‚
1257 1607 1397 1640 Thebis
1420 1607 1571 1640 missum

275 1664 475 1707 Syracusas
499 1664 534 1696 in
560 1674 682 1696 arcem
706 1665 868 1708 regiam,
893 1665 1130 1708 probabiliter
1155 1665 1300 1708 Olymp.
1324 1664 1380 1703 75,
1403 1662 1438 1697 4.

206 1720 339 1765 Pyth.
366 1720 430 1752 lll.
479 1720 606 1752 Eidem
630 1721 780 1753 Hieroni
799 1721 1005 1765 Syracusio,
1029 1722 1253 1766 gratulandis
1277 1720 1571 1763 celebrandisque

273 1775 416 1820 Pythiis
446 1775 606 1809 victoriis
638 1778 751 1810 celete
781 1778 983 1811 Pherenico
1017 1779 1123 1822 Pyth.
1157 1778 1213 1810 26.
1249 1783 1284 1810 et
1314 1777 1371 1810 27.
1405 1778 1570 1821 (Olymp.

273 1831 329 1873 73,
353 1832 385 1866 3.
411 1835 446 1865 et
468 1832 525 1874 74,
547 1833 601 1875 3)
632 1833 746 1876 partis
777 1833 925 1867 missum
951 1835 1090 1869 Thebis
1120 1835 1320 1879 Syracusas
1354 1833 1572 1868 imminenti-

272 1889 340 1922 bus
363 1889 505 1933 Pythiis
529 1890 674 1934 Olymp.
700 1890 757 1931 76,
781 1891 814 1923 3.

207 1945 336 1990 Pyth.
361 1946 418 1978 lv.
465 1946 651 1979 Arcesilan
675 1947 732 1979 IV.
764 1947 862 1980 Batti
886 1947 912 1980 f.
939 1948 1162 1992 Cyrenarum
1183 1947 1282 1992 regi,
1315 1958 1421 1980 curru
1443 1946 1573 1980 victori

221 1996 225 1999 ¹
275 2002 383 2046 Pyth.
409 2001 465 2034 31.
500 2002 645 2046 Olymp.
670 2002 727 2044 78,
757 2003 790 2038 3.
827 2003 955 2048 auriga
988 2004 1185 2045 Carrhoto3
1228 2003 1438 2047 Damophili
1472 2015 1572 2036 com-

276 2059 470 2091 mendandi
496 2070 605 2092 causa
630 2063 664 2093 et
689 2060 864 2095 victoriae
885 2061 1124 2094 celebrandae
1144 2061 1282 2094 Thebis
1302 2061 1462 2104 Cyrenas
1485 2060 1572 2093 mis—

274 2125 356 2147 sum
380 2115 480 2147 haud
505 2114 586 2155 diu,
620 2120 658 2149 ut
680 2117 843 2160 videtur,
878 2121 959 2162 post
981 2117 1190 2160 victoriam,
1226 2117 1347 2161 ibique
1373 2119 1572 2158 cantatum3

229 2201 232 2204 .
277 2172 339 2203 sed
365 2174 446 2214 post
470 2182 613 2204 carmen
640 2172 813 2215 quintum.

207 2227 340 2272 Pyth.
365 2227 404 2260 V.
451 2228 580 2261 Eidem
617 2230 662 2262 ob
695 2231 846 2265 eandem
876 2231 1088 2273 victoriam,
1123 2230 1274 2275 Cyrenis
1305 2234 1385 2264 ante
1410 2233 1573 2273 quartum

278 2294 424 2316 carmen
450 2284 483 2317 in
509 2296 643 2329 pompa
668 2287 847 2322 victoriali
870 2289 916 2322 ad
940 2288 1114 2332 Apollinis
1145 2289 1319 2332 templum
1350 2288 1457 2320 ducta
1489 2297 1571 2320 cau—

277 2344 411 2379 tatum,
436 2343 496 2374 vel
521 2341 556 2374 in
581 2343 643 2376 via
668 2346 728 2378 vel
751 2346 853 2378 finita
876 2357 1021 2388 pompa.

208 2398 337 2443 Pyth.
362 2397 421 2429 Vl.
478 2398 517 2430 In
553 2400 765 2434 Xenocratis
794 2402 1024 2434 Aenesidami
1057 2402 1083 2434 f.
1114 2400 1342 2444 Agrigentini
1383 2399 1572 2432 victoriam

277 2455 439 2487 curulem
472 2456 577 2499 Pyth.
604 2456 658 2489 24.
693 2457 746 2490 01.
774 2457 830 2499 71,
854 2458 887 2491 3.
921 2459 966 2490 ad
998 2457 1267 2501 Thrasybulum
1304 2455 1514 2490 Xenocratis
1545 2455 1572 2489 f.

277 2511 522 2555 aurigantem,
549 2513 749 2556 Delphicae
774 2514 1019 2548 comissationi
1043 2513 1270 2546 destinatum.

210 2568 343 2612 l‘yth.
369 2568 442 2600 Vll.
489 2569 652 2614 Megacli
675 2572 735 2604 vel
759 2571 994 2614 Hippocratis
1015 2572 1075 2604 vel
1094 2570 1284 2604 Clisthenis
1309 2569 1332 2603 f.
1353 2567 1573 2609 Atheniensi,

279 2635 384 2657 curru
414 2624 541 2659 victori
575 2626 680 2670 Pyth.
706 2625 762 2660 25.
795 2627 940 2672 Olymp.
972 2627 1036 2669 72,
1067 2627 1101 2661 3.
1135 2627 1307 2671 Delphis,
1353 2630 1389 2660 ut
1420 2625 1572 2666 videtur,

278 2684 471 2714 cantatum.
