1751 2986
325 138 445 167 XXXVI

325 232 483 277 primum
507 241 572 276 per
595 230 783 275 sexaginta
806 239 930 263 versus
954 228 989 263 id
1014 228 1110 274 agit,
1143 231 1183 262 ut
1203 228 1340 262 Iasonis
1363 227 1559 273 imaginem
1583 226 1688 260 nobis

327 294 508 329 exhibeat.
556 293 606 326 Ac
630 304 674 325 ne
698 290 851 332 mireris,
876 291 971 334 quod
994 294 1069 324 tam
1094 290 1153 323 diu
1176 290 1387 323 immoretur
1409 290 1517 323 rebus
1541 288 1688 333 expedi-

325 357 461 391 tionem
485 352 797 394 antecedentibus,
831 352 918 386 scite
943 355 979 385 et
1010 352 1204 395 prudenter
1228 351 1337 384 etiam
1371 352 1442 384 hoc
1466 353 1613 384 excusat
1637 349 1690 383 sic

329 417 474 451 ordiens
505 414 762 448 narrationem:
806 413 992 456 Quodnam
1029 412 1270 457 navigationis
1302 412 1441 446 initium
1473 411 1561 453 fuit,
1600 421 1692 454 quae

328 478 385 513 vis
409 487 544 521 magna
568 475 689 519 coegit
718 475 850 507 heroes
881 474 927 507 ad
949 475 1022 507 tale
1045 473 1141 507 iter?
1197 473 1298 507 Scire
1329 473 1438 517 igitur
1463 477 1545 507 ante
1569 471 1691 506 omnia

331 539 515 579 debemus,
537 536 619 579 quid
638 535 758 577 fuerit,
787 535 881 578 quod
900 538 975 567 tam
998 535 1237 577 periculosum
1255 536 1324 568 iter
1343 536 1573 578 susciperent.
1608 533 1693 567 Fuit

330 603 451 635 autem
468 598 590 631 Peliae
615 597 723 631 timor
738 597 772 630 in
791 606 913 637 causa,
938 596 998 638 qui
1022 598 1168 630 oraculo
1187 596 1355 637 monitus,
1380 600 1418 629 ut
1432 593 1692 639 μονοκρήπιδα

329 660 448 696 virum
473 661 629 701 caveret,
656 670 766 701 quum
790 659 836 691 ab
861 657 1021 691 Aeolidis
1046 657 1192 690 exitium
1215 657 1284 691 sibi
1307 657 1428 698 instet,
1452 657 1549 689 hune
1574 655 1692 689 subito

328 722 557 766 conspicatus
578 721 614 754 in
639 720 718 753 soro
744 719 832 753 Iolci
850 730 1002 763 peregre
1022 718 1164 752 mittere
1183 723 1342 761 conatur,
1366 718 1461 761 quod
1480 717 1589 751 etiam
1606 727 1692 760 per-

330 784 429 818 fecit.
474 784 607 816 Verum
630 792 824 825 sequamur
847 781 990 824 singula
1014 784 1221 814 narrantem
1245 784 1403 824 poetam.
1449 778 1568 822 Igitur
1586 779 1693 812 Iason

328 846 448 890 prodit
470 846 507 878 in
531 845 651 877 forum
673 842 776 876 Iolci.
831 841 1081 884 Descripturus
1115 844 1235 874 autem
1258 841 1435 874 Pindarus
1460 851 1539 873 cum
1563 840 1694 873 robore

327 911 363 941 et
387 905 593 940 fortitudine
616 903 747 948 insigni
771 902 1056 935 moderationem
1080 901 1257 946 insignem
1282 902 1316 935 in
1339 913 1480 934 summo
1509 902 1600 944 iure,
1635 912 1695 934 or-

329 967 426 1001 ditur
457 967 637 1010 primum,
669 968 709 998 ut
739 974 807 1007 par
838 966 910 1004 est,
953 974 975 996 a
1005 964 1126 1006 specie
1158 963 1229 996 viri
1259 963 1475 996 declaranda
1508 966 1543 996 et
1571 963 1694 997 laudat
1738 975 1739 980 ¹

327 1032 516 1069 staturam,
540 1029 618 1059 tum
643 1026 689 1059 ad
712 1024 899 1069 ingenium
915 1035 1103 1066 moresque
1122 1024 1252 1067 pergit.
1287 1024 1450 1058 Ostendit
1473 1035 1561 1058 vero
1576 1025 1695 1067 Iason,
1736 1014 1751 1055 ,ἶ

329 1094 518 1136 postquam
541 1088 640 1131 loqui
663 1087 794 1131 coepit,
818 1097 900 1119 cum
919 1085 1134 1118 confidentia
1158 1088 1193 1118 et
1215 1085 1390 1130 dignitate
1409 1085 1595 1119 lenitatem
1618 1085 1694 1133 exiss

329 1153 441 1186 miam
463 1149 679 1195 (θαρσήσας
700 1146 870 1191 ἀγανοῖσι
890 1145 1013 1190 λόγοις
1034 1140 1099 1179 οἷδ’
1119 1143 1318 1189 ἀμείφθη),
1340 1147 1436 1189 dicit,
1458 1158 1521 1180 cur
1545 1146 1695 1190 venerit,

330 1217 366 1248 et
389 1216 533 1254 narrat,
569 1222 677 1255 quam
699 1209 867 1243 iniuriam
892 1219 975 1241 cum
999 1208 1141 1241 familia
1176 1219 1301 1251 passus
1325 1209 1383 1242 sit.
1430 1209 1503 1243 Sed
1526 1220 1594 1242 non
1620 1208 1697 1253 agit

328 1279 449 1310 tamen
482 1274 709 1311 festinantem
744 1270 903 1314 primum
937 1269 1083 1302 domum
1117 1272 1306 1312 paternam
1337 1270 1427 1313 petit
1461 1270 1582 1314 ibique
1613 1281 1696 1304 cum

330 1335 493 1381 cognatis
524 1346 585 1367 sex
610 1333 686 1366 dies
720 1331 917 1365 laetissime
950 1330 1083 1374 exigit,
1118 1335 1195 1363 tum
1221 1331 1267 1364 ad
1292 1331 1433 1365 Peliam
1457 1332 1569 1365 tendit
1592 1332 1695 1375 eique

329 1395 568 1439 aequissimas
603 1393 769 1437 proponit
802 1392 1032 1425 conditiones.
1087 1391 1193 1425 Vides
1223 1392 1343 1426 omnia
1375 1393 1427 1426 sic
1453 1393 1633 1437 instituta,
1658 1395 1697 1427 ut
1749 1395 1751 1415 1'

328 1469 438 1502 quam
462 1455 709 1501 pulcherrima
740 1456 776 1488 in
801 1456 881 1487 luce
912 1453 1051 1487 Iasonis
1075 1452 1187 1486 virtus
1219 1457 1382 1496 ponatur.
1438 1455 1543 1488 Cedit
1564 1454 1697 1497 Pelias,
1747 1444 1751 1450 ⁴

327 1520 358 1553 si
384 1518 541 1562 primum
566 1519 682 1551 vellus
695 1516 823 1549 Phrixi
842 1517 1063 1558 reportatum
1079 1515 1146 1553 sit;
1172 1514 1224 1547 sic
1240 1515 1448 1548 reducimur
1467 1516 1512 1549 ad
1533 1515 1697 1558 initium3
1750 1535 1751 1538 =

331 1582 493 1623 apparet,
519 1578 696 1621 quomodo
721 1577 859 1610 factum
884 1577 939 1618 sit,
964 1579 1002 1609 ut
1025 1576 1205 1619 expeditio
1229 1577 1481 1620 susciperetur.
1528 1577 1697 1620 Sequitur

329 1642 446 1674 altera
475 1650 560 1683 pars
583 1638 798 1672 narrationis
822 1639 866 1671 de
892 1637 1116 1681 expeditione
1151 1638 1242 1682 ipsa.
1300 1638 1522 1672 Conveniunt
1548 1639 1697 1680 heroes,

329 1706 404 1736 tum
430 1703 499 1736 iter
521 1705 707 1740 narratur3
732 1701 794 1733 sed
819 1712 927 1744 quum
951 1700 1041 1733 illud
1064 1700 1222 1733 maxime
1248 1701 1434 1738 ostendere
1459 1700 1567 1742 velit,
1590 1700 1697 1734 Iason

329 1765 508 1808 quomodo
541 1775 579 1797 se
603 1762 756 1807 gesserit
786 1765 821 1795 et
845 1761 986 1795 adiutus
1009 1761 1119 1795 fuerit
1142 1772 1164 1794 a
1188 1761 1274 1805 diis,
1306 1761 1438 1795 iterum
1471 1761 1542 1794 huc
1576 1761 1697 1795 omnia

327 1829 499 1867 revocat,
524 1828 644 1858 cetera
668 1822 798 1856 omittit
820 1826 882 1856 aut
904 1823 1064 1856 breviter
1087 1825 1230 1864 tractat,
1266 1834 1331 1856 nec
1356 1823 1506 1856 heroum
1533 1824 1698 1856 casus‘et
1731 1813 1751 1836 '⁴

329 1897 387 1919 res
411 1889 537 1930 gestae
562 1885 658 1918 aliae
683 1888 828 1927 praeter
851 1883 988 1916 Iasonis
1011 1886 1267 1917 memorantur.
1326 1884 1552 1927 Conspicitur
1575 1887 1695 1918 autem
1747 1889 1749 1894 '

328 1945 439 1979 etiam
461 1946 523 1978 hic
549 1948 625 1978 tum
649 1944 819 1979 fortitudo
843 1944 931 1986 viri,
958 1944 1032 1986 qui
1055 1944 1290 1988 longinquum
1315 1944 1382 1978 iter
1405 1948 1548 1979 strenue
1572 1956 1696 1989 perse-

328 2010 459 2051 quatur
490 2009 526 2040 et
548 2007 660 2039 boves
691 2006 897 2050 ignivomos
929 2008 1050 2039 aratro
1083 2004 1210 2049 iungat
1248 2006 1511 2050 draconemque
1544 2007 1697 2050 occidat,
1730 1997 1734 2006 ¹

327 2072 405 2102 tum
430 2066 545 2111 pietas
569 2068 780 2111 praeclara3
805 2068 954 2100 deorum
978 2067 1072 2100 enim
1088 2066 1266 2111 singulari
1290 2078 1358 2111 ope
1376 2067 1583 2113 intelligens
1606 2079 1703 2113 opus:

329 2140 407 2162 esse
431 2140 497 2162 nec
523 2129 609 2162 solis
624 2128 793 2161 humanis
810 2128 950 2161 viribus
975 2127 1132 2161 confisus
1149 2131 1252 2161 stans
1277 2128 1314 2161 in
1337 2129 1448 2172 puppi
1472 2133 1553 2163 ante
1574 2130 1696 2164 omnia

328 2189 375 2223 ad
406 2189 492 2222 deos
523 2200 650 2232 preces
682 2190 874 2221 sollemnes
907 2177 995 2221 facit
1026 2189 1213 2233 praeitque
1248 2190 1337 2223 ritus
1370 2190 1479 2224 etiam
1511 2195 1638 2235 postea
1659 2191 1696 2226 in
1739 2185 1743 2192 ”

328 2249 614 2293 expeditionibus
638 2249 830 2282 maritimis
853 2251 1074 2284 observatos.
1132 2251 1226 2285 Hinc
1256 2251 1367 2295 igitur
1402 2251 1511 2285 etiam
1537 2251 1587 2285 dii
1612 2264 1695 2288 eum

327 2311 458 2345 eximie
483 2311 672 2352 adiuvant,
696 2311 796 2352 luno,
821 2311 996 2354 Iuppiter,
1019 2312 1216 2355 Neptunus,
1240 2312 1369 2354 Venus,
1392 2323 1436 2346 ac
1460 2324 1569 2356 quum
1595 2314 1696 2348 Aloiv
1734 2308 1738 2316 ”

327 2371 456 2405 darum
481 2374 515 2404 et
532 2372 631 2415 Tityi
654 2371 768 2414 impia
791 2371 981 2404 insolentia
1005 2375 1040 2404 et
1063 2372 1214 2405 audacia
1237 2373 1376 2407 meritis
1395 2374 1521 2417 poenis
1538 2375 1695 2410 coercita

325 2432 455 2473 fuerit⁷
486 2432 589 2464 Iason
613 2431 767 2465 feliciter
792 2431 911 2465 omnia
936 2433 1079 2476 peragit
1114 2436 1220 2476 atque
1245 2434 1353 2467 etiam
1377 2435 1547 2470 Medeam
1572 2417 1694 2470 coniu-.

326 2505 412 2539 gem
438 2493 675 2535 consequitur.
717 2493 856 2536 Quibus
878 2493 1045 2536 expositis
1061 2494 1250 2537 perspicue
1273 2499 1382 2539 patet,
1407 2507 1499 2539 quae
1522 2497 1557 2530 in
1576 2498 1699 2541 prima
1723 2493 1728 2501 '

327 2558 430 2598 parte
462 2555 642 2587 habentur
664 2554 801 2588 Iasonis
831 2554 975 2595 lauden,
1008 2565 1072 2588 eas
1105 2558 1306 2591 continuari
1336 2561 1370 2591 et
1394 2558 1534 2592 absolvi
1567 2560 1602 2593 in
1634 2571 1694 2603 sep

328 2617 453 2651 cunda.
502 2616 688 2650 Postremo
718 2619 756 2650 ut
780 2616 814 2649 in
849 2616 974 2659 primis
1005 2616 1114 2651 initiis
1143 2618 1334 2653 universae
1357 2619 1571 2654 narrationis
1607 2632 1692 2664 pro-
1721 2616 1743 2626 ''
