1794 2982
514 818 985 864 EXCURSUS
1040 821 1075 863 l.

213 943 276 977 DE
310 941 491 976 ORDINE
526 941 851 975 CERTAMINUM
877 941 1239 976 omnmcossml
1275 942 1372 975 PER

573 1009 785 1053 QUmQUE
821 1009 991 1054 mesq.

111 1215 316 1274 Difficilis
348 1236 509 1278 quaestio
539 1239 611 1276 est,
654 1235 801 1269 minime
835 1246 921 1269 vero
952 1235 1144 1268 iniucunda
1181 1238 1215 1268 et
1249 1233 1401 1274 inutilis,
1433 1234 1478 1267 de

112 1297 236 1331 ordine
261 1298 496 1330 certaminum
521 1297 806 1341 Olympicorum,
832 1309 940 1340 quam
965 1298 1073 1331 etiam
1099 1296 1245 1329 Pindari
1269 1306 1378 1329 causa
1403 1299 1476 1328 tra-

112 1363 209 1392 ctare
236 1359 420 1400 constitui,
457 1370 564 1401 quum
597 1360 765 1392 nonnulla
798 1360 1008 1392 observasse
1041 1358 1132 1390 mihi
1163 1358 1289 1390 videar
1322 1357 1477 1390 nondum

113 1420 316 1453 observata.
370 1420 628 1453 sollemnitatis
653 1420 866 1464 Olympicae
898 1425 936 1453 ut
971 1419 1129 1452 omnium
1155 1418 1326 1450 similium
1361 1421 1478 1459 partes

114 1482 207 1515 duae
232 1485 343 1520 erant,
368 1485 408 1514 ut
431 1481 515 1513 hinc
540 1481 672 1521 ordiar,
697 1481 959 1514 sacrificiorum
984 1481 1060 1513 dies
1085 1485 1119 1513 et
1143 1480 1227 1513 ludi.
1270 1477 1479 1511 Sacrificio-

110 1554 190 1576 rum
216 1543 292 1575 dies
316 1542 445 1575 dicitur
471 1542 615 1585 proprie
631 1540 752 1587 ἑορτή,
777 1543 965 1586 βουθυσία
984 1554 1010 1574 8.
1031 1542 1244 1586 βουθυσίαι,
1266 1537 1480 1582 Ὀλυμπιάς,

112 1608 236 1646 estque
262 1603 379 1647 potior
404 1614 488 1647 pars
511 1603 615 1643 festi;
641 1605 714 1636 ludi
735 1599 882 1646 ἀγῶνες,
904 1602 1064 1646 ἅμιλλαι,
1089 1602 1317 1645 νικαφορίαι,
1340 1598 1480 1643 τεθμὸς

111 1660 268 1703 ἀέθλων,
304 1665 418 1708 κρίσις
442 1661 588 1697 α’έθλων
613 1664 797 1703 dicuntur3
834 1665 880 1697 cf.
915 1665 970 1698 01.
995 1665 1058 1705 Ill,
1086 1663 1130 1696 19
1154 1674 1251 1705 seqq.
1286 1662 1326 1703 Y,
1351 1661 1384 1694 5.
1422 1661 1479 1702 Vl,

109 1725 165 1759 69.
191 1726 259 1767 xl,
282 1724 337 1758 58.
392 1725 506 1768 Atque
531 1725 639 1758 etiam
675 1726 709 1758 in
735 1725 815 1758 aliis
848 1726 1027 1759 similibus
1060 1725 1162 1758 festis
1195 1725 1266 1756 hae
1306 1723 1397 1756 duae
1422 1733 1480 1755 res

111 1787 243 1830 ubique
268 1797 290 1820 a
312 1785 470 1819 Pindaro
495 1785 781 1829 distinguuntur;
816 1786 861 1819 cf.
892 1788 948 1820 Ol.
974 1788 1048 1828 vll,
1074 1785 1128 1819 80.
1153 1785 1255 1818 Nem.
1282 1785 1321 1825 V,
1352 1784 1406 1816 38.
1436 1784 1479 1823 X,

110 1847 167 1881 23.
200 1847 323 1880 Isthm.
349 1848 412 1885 111,
437 1846 482 1879 79
507 1857 602 1888 seqq.
662 1847 734 1879 Sed
758 1847 946 1890 βουθυσία
969 1847 1214 1890 antiquissimo
1240 1849 1424 1887 tempore,
1450 1844 1480 1877 si

110 1908 260 1942 Pindari
282 1907 494 1940 sententiam
512 1906 708 1948 sequimur,
736 1906 813 1948 ipso
832 1909 1017 1949 plenilunii
1042 1909 1098 1941 die
1125 1907 1249 1945 fiebat,
1276 1905 1320 1937 cf.
1339 1906 1395 1937 01.
1415 1905 1479 1947 ΙΙΙ,

113 1969 190 2011 19.,
215 1973 404 2012 postquam
428 1978 515 2000 vero
539 1966 692 2009 quinque
716 1967 881 1999 ludorum
908 1969 983 2001 dies
1008 1973 1133 2009 erant,
1158 1967 1256 2000 haud
1283 1965 1388 1998 dubie
1414 1966 1478 1998 de-

115 2030 209 2064 cimo
234 2028 366 2062 mensis
391 2028 460 2061 die.
494 2027 693 2060 Faciebant
709 2027 790 2060 Elei
809 2032 890 2060 tunc
908 2030 1098 2062 sollemnia
1112 2027 1302 2070 sacrificia,
1329 2027 1415 2060 olim
1434 2028 1479 2060 ab

113 2091 286 2131 Hercule,
312 2092 350 2122 ut
375 2088 574 2129 dicebatur,
600 2087 760 2121 instituta
786 2088 976 2123 duodecim
1000 2090 1069 2123 diis
1099 2088 1308 2135 συμβώμοις
1332 2088 1422 2121 Altis
1446 2090 1481 2120 et

138 2212 177 2255 *)
204 2209 439 2261 [impugnavit
461 2221 512 2251 ea,
528 2221 615 2253 quae
634 2210 876 2243 Dissenius
901 2212 1054 2254 scripsit,
1074 2212 1116 2244 G.
1134 2212 1418 2243 Hermannus
1445 2210 1479 2241 in

207 2267 348 2288 censura
380 2255 503 2298 prioris
545 2255 860 2298 e<li1i0nis,quae
893 2258 1042 2299 iepetita
1073 2264 1125 2288 est
1152 2259 1298 2299 Opuscc.
1335 2257 1376 2287 T.
1407 2256 1481 2286 Vll.

205 2314 240 2345 p.
263 2302 282 2333 5
305 2311 401 2342 seqq.
450 2300 559 2331 Etiam
580 2302 627 2333 M.
648 2302 687 2331 Η
711 2281 747 2331 Ε.
769 2302 960 2333 Meierus
992 2303 1157 2332 diversam
1190 2301 1394 2332 sententiam
1422 2311 1481 2330 se-

206 2353 307 2378 cutus
347 2352 401 2376 est
437 2346 730 2377 commentatione
779 2346 820 2377 de
861 2347 951 2378 ludis
988 2346 1177 2389 olympicis
1210 2347 1242 2377 in
1279 2346 1411 2377 Erschii
1449 2351 1483 2375 et

205 2390 355 2423 Gruberi
390 2390 580 2433 Encyclop.
611 2391 766 2422 Univers.
798 2403 823 2421 s.
866 2403 896 2422 v.
962 2393 1044 2423 Post
1083 2399 1265 2432 utrumque
1307 2390 1481 2421 Dissenius

207 2436 444 2479 quaestionem
476 2436 659 2477 resumpsit
683 2436 910 2478 recitavitque
940 2448 1030 2468 anno
1065 2436 1158 2468 1833.
1201 2436 1483 2467 dissertationem

206 2481 329 2513 eodem
366 2492 433 2523 quo
463 2480 551 2512 hanc
580 2481 684 2512 titulo
722 2481 922 2512 instructam
962 2482 994 2512 in
1032 2492 1194 2512 consessu
1237 2481 1366 2511 Socict.
1400 2481 1483 2520 Reg.

207 2526 337 2557 Scient.
357 2526 597 2568 Gottingensi,
623 2526 718 2557 cuius
748 2538 908 2558 summam
935 2527 970 2558 C.
997 2528 1034 2557 Ο.
1057 2526 1309 2557 Muellerus
1339 2525 1485 2556 inseruit

207 2571 389 2613 Opusculis
416 2571 566 2602 Dissenii
600 2572 789 2613 Gottingae
820 2584 847 2603 a.
879 2572 976 2604 1839.
1005 2571 1104 2602 editis
1127 2583 1161 2613 p.
1189 2570 1251 2602 185
1276 2581 1374 2612 seqq.
1424 2572 1483 2600 ln-

207 2621 300 2657 tegra
323 2615 499 2655 publicata
518 2624 568 2648 est
588 2617 620 2647 in
642 2617 887 2647 Commentatt.
906 2617 1034 2648 Societ.
1055 2617 1135 2657 Rogo
1156 2616 1300 2646 Scientt.
1325 2616 1482 2646 Recentt.

206 2660 289 2693 Vol.
315 2661 409 2692 Vlll.
443 2661 547 2693 Class.
578 2662 668 2692 Hist.
700 2669 733 2692 et
766 2662 888 2693 Philol.
920 2673 953 2704 p.
981 2662 1025 2694 89
1052 2672 1148 2703 seqq.
1178 2672 1208 2692 a.
1240 2659 1337 2692 1842.
1370 2659 1484 2692 editis.

207 2705 281 2744 Qua
306 2705 460 2737 rationes
485 2718 564 2738 suas
596 2706 776 2739 subtiliter
802 2707 1028 2739 confirmavit.
1061 2705 1176 2748 SCH.]
