1751 2986
327 73 448 101 xcvlu

329 165 499 200 ckhius
532 161 700 206 intelligit
724 160 908 203 primitiva
933 159 1155 203 exemplaria
1178 160 1224 193 ab
1250 159 1491 202 Aristophane
1515 158 1690 202 profecta,

326 238 396 260 non
420 225 631 270 legebatur:
665 222 811 264 Didymi
846 221 1094 254 commentarii
1122 220 1279 253 Pindaro
1309 221 1532 262 tribuebant,
1566 220 1689 254 Schol.

328 289 388 323 01.
411 288 450 320 V.
475 276 551 321 init.
597 284 780 318 Nemeaea
804 282 964 315 carmina
987 283 1049 315 lx.
1067 283 1111 315 X.
1128 282 1192 314 XI.
1218 279 1341 315 ου’κέτι
1362 281 1608 325 Νεμεονίκαις
1630 292 1691 325 γε-

326 347 518 395 γραμμένα
541 341 812 389 κεχωρισμένως
836 341 1025 388 φέρονται,
1059 343 1182 376 Schol.
1207 343 1316 375 Inscr.
1362 342 1538 376 Similiter
1560 342 1694 377 accidit

328 411 363 445 in
386 407 610 447 Partheniis,
643 409 682 439 ut
715 406 892 448 quaedam
923 404 1084 438 carmina
1114 415 1275 437 seorsum
1307 404 1425 447 posita
1455 402 1502 438 τὰ
1539 416 1694 450 κεχωρι-

328 471 443 517 σμένα
473 470 548 505 τῶν
576 468 797 513 Παρθενίων
829 469 1066 506 vocarentur3
1094 477 1129 499 v.
1166 465 1366 498 Boeckh.
1400 465 1523 499 Praef.
1555 466 1695 500 Scholl.

329 547 365 579 p.
389 528 469 568 XII.

419 594 474 627 Ab
507 591 714 625 auctoribus
753 589 961 623 tabularum
994 585 1316 632 (πινακογροὲφους
1346 587 1516 631 dicimus)
1557 587 1697 622 initium

328 654 458 689 habuit
488 653 634 696 aliquod
674 651 873 685 institutum
910 661 932 684 a
976 649 1235 694 posterioribus
1267 649 1514 694 grammaticis
1545 651 1698 683 solerter

328 718 590 761 propagatum,
621 717 662 747 ut
693 713 869 747 ambitum
900 712 961 745 vel
992 711 1216 755 singulorum
1246 710 1424 744 librorum
1455 711 1514 744 vel
1545 721 1697 754 operum

329 777 490 811 omnium
522 787 565 808 ex
589 786 737 808 numero
768 785 939 808 versuum
964 775 1149 806 censerent
1173 783 1327 815 eumque
1350 782 1541 804 numerum
1563 771 1600 804 in
1622 771 1697 805 fine

328 839 503 875 librorum
534 836 811 870 subscriberent.
868 836 971 878 Quae
996 845 1054 866 res
1078 844 1166 877 quas
1197 833 1353 867 rationes
1377 832 1547 866 habuerit
1571 843 1698 875 quam—

330 912 399 945 que
424 897 591 933 salutaris
614 897 748 938 fuerit,
778 907 890 939 nuper
914 896 981 928 Fr.
1007 895 1311 929 Ritschelius
1344 905 1445 927 meus
1471 893 1592 927 docuit
1614 904 1697 927 cum

328 961 366 994 in
390 958 658 1004 elegantissimo
692 959 830 999 libello,
863 968 970 1000 quem
1004 956 1048 989 de
1073 956 1323 989 Alexandrinis
1354 955 1587 989 bibliothecis
1609 955 1699 989 scri-

329 1021 414 1065 psit,
438 1033 472 1064 p.
498 1019 543 1053 91
562 1031 674 1062 seqq.,
700 1023 775 1053 tum
798 1018 833 1051 in
853 1017 1109 1061 scriptiuncula
1128 1018 1338 1050 academica
1356 1016 1597 1060 supplementi
1618 1018 1698 1050 loco

329 1084 478 1116 Bonnae
502 1081 603 1114 1840.
628 1081 735 1114 edita.
788 1080 861 1113 Nos
884 1078 1065 1112 Eustathii
1096 1079 1275 1111 beneficio
1311 1079 1503 1112 didicimus
1525 1077 1699 1122 epinicio—

328 1154 410 1177 rum
433 1141 707 1175 Pindaricorum
732 1152 956 1182 mensuram,
988 1140 1044 1173 34.
1070 1151 1104 1183 p.
1131 1138 1193 1172 25:
1224 1135 1438 1182 Ἑπινίκιοι,
1476 1137 1590 1173 κατὰ
1614 1137 1700 1183 τὴν

332 1204 550 1248 ἱστορίαν
584 1202 665 1243 ὦςεὶ
698 1203 988 1247 τετρακιςχίλιοι.
1055 1202 1136 1244 Qua
1166 1202 1365 1240 memoria,
1400 1202 1531 1235 hausta
1561 1201 1626 1235 illa
1656 1212 1700 1234 ex

331 1265 590 1309 antiquioribus
615 1263 970 1303 commentatoribus,
994 1262 1253 1294 Boeckhianae
1276 1273 1447 1296 versuum
1471 1262 1701 1306 descriptioni

329 1327 422 1361 fides
453 1325 640 1360 vetustatis
667 1323 900 1364 conciliatur,
936 1323 1010 1355 iam
1037 1323 1119 1356 aliis
1142 1323 1357 1366 quibusdam
1387 1327 1554 1357 veterum
1576 1324 1703 1358 metri-

331 1400 455 1422 corum
504 1386 716 1422 testimoniis
755 1397 799 1418 ex
840 1385 979 1418 Scholl.
1023 1384 1165 1418 Vratisl.
1211 1385 1325 1418 ductis
1364 1385 1569 1426 stabilitae3
1616 1386 1701 1419 vide

331 1451 451 1485 Boec
463 1450 530 1482 kh.
556 1448 677 1481 Praef.
703 1448 827 1481 Scholl
863 1459 897 1490 p.
925 1446 1071 1480 XXXII.
1120 1446 1212 1479 Nam
1244 1446 1383 1480 novitia
1407 1447 1600 1491 descriptio
1623 1448 1701 1481 fere

330 1510 424 1545 5500
449 1510 593 1553 στίχους
618 1509 752 1551 efficit,
777 1508 1011 1542 Boeckhiana
1036 1507 1180 1540 circiter
1200 1506 1301 1540 3500.
1359 1509 1437 1542 Iam
1460 1509 1492 1542 si
1527 1509 1702 1544 memine-

330 1572 385 1606 ris
416 1572 451 1605 in
483 1572 558 1605 fine
582 1571 817 1604 Isthmiorum
849 1571 985 1613 aliquot
1020 1569 1180 1602 carmina
1204 1569 1446 1611 intercidisse,
1475 1570 1584 1604 facile
1618 1583 1703 1615 per-

337 1633 469 1678 spicies
493 1634 553 1666 vel
580 1636 726 1665 externo
759 1632 831 1664 hoc
864 1634 1077 1676 argumento
1101 1631 1360 1666 Boeckhianae
1385 1632 1571 1667 doctrinae
1605 1633 1703 1667 veri-

332 1697 444 1729 tatem
467 1693 711 1737 pulcherrime
737 1691 864 1726 evinci.

423 1757 490 1789 Vel
521 1758 603 1789 ante
627 1756 686 1789 vel
711 1748 818 1798 paulo
849 1756 929 1797 post
953 1752 1202 1797 Aristophanis
1237 1765 1341 1788 curas
1364 1755 1577 1790 Pindaricae
1601 1767 1702 1790 com-

334 1815 528 1851 mentarios
561 1815 716 1849 confecit
738 1814 887 1848 Pindari
921 1815 1121 1848 carminum
1147 1816 1383 1859 epinici0rum
1407 1817 1704 1863 Chrysippus

334 1877 496 1918 Stoicus,
534 1877 599 1909 sub
624 1877 810 1921 Euergeta
842 1879 877 1909 et
907 1876 1142 1919 Philopatore
1176 1878 1393 1911 Ptolemaeis
1426 1881 1555 1913 clarus.
1615 1879 1704 1913 Uni-

335 1947 480 1971 versam
503 1936 678 1981 περίοδον
703 1937 849 1981 Olymp.
878 1937 986 1981 Pyth.
1011 1937 1114 1970 Nem.
1134 1938 1367 1973 lsthmiorum
1387 1943 1616 1984 complexum
1639 1941 1703 1974 do-

337 2002 417 2032 cent
448 2001 554 2032 notae
581 1997 717 2041 passim
740 1998 774 2031 in
800 1997 958 2032 Scholiis
993 2002 1170 2034 servatae.
1219 2000 1549 2034 Grammaticorum
1573 2003 1705 2045 σημεῖα

338 2061 413 2094 iam
439 2063 521 2093 ante
554 2059 658 2093 illum
691 2060 837 2104 appicta
869 2059 1020 2105 singulis
1059 2061 1225 2095 versibus
1255 2063 1431 2097 exstitisse
1468 2074 1511 2096 ex
1544 2066 1628 2096 nota
1658 2063 1705 2096 ad

336 2122 461 2155 Isthm.
494 2120 559 2163 111,
593 2119 650 2154 47.
683 2121 847 2165 patescit.
913 2122 968 2155 Ex
1010 2121 1195 2166 discipulis
1233 2124 1486 2169 Aristophanis
1523 2125 1702 2160 interdum

338 2181 647 2216 Callistratus
679 2187 714 2218 et
737 2183 971 2217 Diodorus
1001 2189 1342 2228 commemorantur,
1367 2187 1411 2220 de
1438 2186 1567 2230 quibus
1593 2193 1704 2230 prae-

338 2246 393 2277 ter
416 2243 704 2278 Boeckhium
729 2257 764 2288 p.
785 2244 880 2278 XIII.
907 2244 1082 2279 videndus
1107 2250 1161 2281 est
1182 2248 1224 2281 F.
1245 2248 1284 2282 A.
1302 2247 1507 2282 Wolfius
1529 2248 1704 2294 Prolegg.

338 2306 446 2338 Hom.
472 2317 507 2348 p.
533 2305 672 2339 ccxvl
695 2317 768 2350 seq.

428 2366 563 2400 Iustam
600 2370 722 2401 autem
759 2365 1032 2401 Pindaricorum
1073 2369 1265 2403 editionem
1305 2372 1386 2414 post
1422 2369 1703 2414 Aristophanem

340 2438 428 2461 unus
443 2427 756 2461 Aristarchus
781 2427 935 2472 paravit,
961 2428 1032 2471 qui,
1057 2429 1154 2463 circa
1172 2429 1318 2474 Olymp.
1344 2430 1502 2464 CXLIII.
1528 2432 1594 2465 sub
1613 2432 1703 2476 Epi*

338 2489 459 2533 phane
480 2488 642 2530 illustris,
665 2488 791 2532 „etsi‚'’
816 2488 928 2522 verba
949 2487 979 2521 Β
993 2489 1180 2524 oeckhii
1207 2494 1299 2534 sunt,
1323 2493 1483 2536 „passim
1501 2493 1600 2527 haud
1616 2500 1702 2529 'me-

339 2549 477 2586 diocria
499 2550 637 2593 attulit,
671 2554 792 2586 tamen
816 2561 928 2594 neque
952 2550 1245 2596 interpretatione
1273 2565 1388 2598 neque
1411 2554 1536 2590 critica
1560 2558 1638 2590 arte
1654 2554 1698 2589 in
