1751 2986
322 126 345 151 11

325 218 517 251 absolvens
535 215 712 258 simulque
730 213 836 247 etiam
855 213 1020 246 fabulam
1039 211 1218 255 explicans
1235 211 1480 254 pulcherrime
1499 212 1630 256 pendet
1645 223 1687 245 ex

323 281 474 322 utroque
498 281 533 310 et
556 275 740 320 coniungit
763 279 962 317 utrumque.
998 273 1078 316 Qua
1097 284 1136 306 re
1155 272 1265 305 etiam
1287 272 1449 306 iunctura
1478 273 1584 306 totius
1608 284 1689 307 car-

323 340 430 374 minis
452 339 592 372 firmior
620 338 663 370 fit
695 340 729 369 ct
754 335 976 368 constrictior
1013 337 1048 367 et
1070 333 1253 368 rotundior
1288 334 1365 366 eius
1388 333 1516 367 forma.
1566 335 1688 378 Quare

324 401 476 435 mirifice
502 398 636 443 placuit
659 409 716 431 res
742 397 909 438 Pindaro,
932 407 974 429 ac
996 399 1139 439 praeter
1157 395 1359 438 simplicem
1380 395 1538 428 formam
1559 397 1689 440 vulga-

323 461 500 496 tissimam
524 460 635 493 etiam
659 459 877 493 ornatiorem
902 461 1049 501 usurpat
1073 457 1275 500 aliquoties,
1298 456 1454 489 mediam
1471 459 1609 500 partem
1631 458 1689 500 qui

325 521 577 565 complectitur
601 521 698 554 orbis
724 524 761 553 ut
786 519 857 553 alio
883 519 1019 552 maiore
1040 519 1196 552 inclusus
1220 517 1276 550 sit.
1309 517 1346 551 Si
1372 519 1559 552 schemata
1584 519 1689 552 adhi-

324 585 411 617 bere
434 583 530 624 licet,
554 582 675 625 qualia
700 582 734 615 in
754 582 987 624 stropharum
1004 579 1294 623 dispositionibus
1313 580 1533 623 explicandis
1551 579 1691 614 metrici

326 645 439 679 nostri
462 647 645 688 usurpant,
669 643 868 688 simplicior
886 642 1004 676 forma
1024 643 1117 676 llaec
1135 646 1214 676 est:
1235 650 1256 672 a
1280 640 1303 673 b
1330 650 1367 678 a,
1394 641 1552 675 ornatior
1572 645 1692 676 autem

1246 705 1342 745 &d

328 773 440 805 hacc:
466 781 487 803 a
505 769 529 801 b
550 780 568 800 c
593 767 615 798 b
636 779 667 800 a·
732 769 785 802 Ad
814 766 1125 812 praeparationem
1141 769 1235 811 quod
1263 769 1400 809 attinet,
1424 765 1566 800 orbium
1590 765 1691 801 initia

464 812 665 885 ..μῦ-Ἀ·-

329 834 601 930 iiecessaffiin
628 891 813 937 prooemio
838 894 936 933 sunt,
967 891 1087 924 media
1112 902 1195 935 pars
1221 892 1330 926 etiam
1363 891 1525 936 proxime
1549 894 1692 925 antece-

327 958 492 992 dentibus
517 954 727 1001 praeparari
751 957 876 997 potest.
924 953 1039 995 Atque
1062 954 1132 985 hoc
1157 965 1270 998 genus
1296 953 1565 997 compositionis
1587 965 1692 998 περι-

326 1018 468 1064 πλοκὴν
493 1017 634 1050 dixcris.
689 1015 883 1059 Reperitur
906 1025 992 1048 vero
1026 1017 1170 1057 praeter
1195 1016 1265 1048 hoc
1290 1015 1398 1048 etiam
1424 1015 1542 1057 aliud,
1574 1014 1692 1058 ipsum

327 1093 466 1126 quoque
491 1092 534 1114 ex
558 1077 825 1121 interpositione
849 1077 1007 1117 ductum,
1048 1074 1107 1107 ubi
1132 1076 1273 1109 mediae
1299 1077 1393 1120 parti
1417 1078 1504 1110 orbe
1528 1088 1694 1120 compre-

325 1145 461 1178 hensae
486 1141 559 1175 alia
583 1151 676 1173 nova
701 1150 784 1183 pars
807 1138 999 1182 respondet
1022 1140 1123 1170 extra
1149 1138 1276 1171 orbem
1299 1138 1427 1182 posita,
1458 1143 1496 1172 ut
1520 1140 1626 1172 orbes
1651 1150 1693 1172 ex

327 1206 473 1240 orbibus
498 1204 670 1248 prodeant
693 1203 766 1235 hoc
789 1200 914 1233 modo:
951 1198 1014 1230 ab
1041 1206 1063 1228 a
1082 1198 1116 1231 b,
1162 1200 1224 1230 ab
1246 1210 1266 1231 a
1293 1211 1311 1230 c
1336 1201 1359 1231 b
1387 1213 1415 1232 c.
1444 1201 1563 1244 Quam
1582 1200 1692 1234 ratio-

953 1249 1112 1304 Ψ]
1155 1248 1408 1308 ’σῖ-ψί-

330 1343 413 1364 nem
446 1326 630 1373 ἕμπλοκὴν
658 1327 910 1362 nominaveris.
958 1328 1062 1362 Initia
1086 1329 1120 1362 in
1147 1329 1332 1371 prooemio
1352 1329 1489 1372 primus
1507 1327 1604 1360 orbis
1627 1328 1694 1361 ha-

328 1393 401 1426 bet.
449 1391 609 1434 Denique
643 1389 751 1423 etiam
783 1389 1053 1423 artificiosiores
1084 1390 1221 1433 aliquot
1244 1390 1385 1424 formae
1410 1394 1509 1432 sunt,
1547 1400 1695 1432 compo—

329 1454 419 1488 sitae
438 1457 558 1487 tamen
577 1464 620 1485 ex
636 1451 888 1494 superioribus.
914 1451 1078 1484 Diximus
1096 1451 1321 1496 generatim3
1346 1455 1468 1492 restat,
1492 1454 1529 1484 ut
1548 1462 1590 1484 ex
1608 1449 1696 1494 ipsis

330 1516 549 1549 carminibus
592 1524 682 1557 qnae
716 1513 899 1556 posuimus
933 1513 1137 1556 probemus,
1192 1513 1402 1546 Videbimus
1425 1516 1546 1547 autem
1577 1512 1696 1554 simul,

329 1589 438 1621 quam
464 1577 656 1620 prudenter
690 1575 823 1617 ubique
849 1574 1092 1618 excogitatum
1124 1575 1349 1618 prooemium
1372 1575 1418 1608 sit
1450 1578 1484 1608 et
1516 1574 1695 1618 quomodo

329 1651 372 1673 ex
399 1637 736 1683 praeparationibus
759 1636 794 1669 in
820 1636 1005 1679 prooemio
1030 1636 1156 1679 positis
1180 1649 1303 1670 cursus
1335 1635 1504 1670 carminis
1529 1636 1693 1679 pendeat.

328 1701 441 1744 Atque
466 1700 501 1732 in
535 1699 659 1742 paucis
683 1697 868 1741 prooemio
893 1697 1110 1731 indefinitius
1141 1697 1322 1731 nuntiatur
1351 1700 1624 1743 argumentum,
1656 1700 1695 1731 ut

328 1762 500 1806 propiora
534 1760 633 1794 initia
670 1760 832 1803 proxime
864 1763 944 1803 post
968 1759 1191 1803 prooemium
1223 1771 1357 1803 ponere
1395 1771 1541 1793 necesse
1564 1759 1694 1800 fuerit3

330 1824 362 1857 in
387 1823 567 1867 plerisque
592 1833 680 1855 vero
705 1821 931 1865 prooemium
964 1822 1025 1854 vel
1057 1832 1180 1854 omnes
1205 1823 1264 1855 vel
1289 1822 1377 1855 duas
1399 1824 1460 1856 vel
1483 1833 1591 1855 unam
1614 1832 1695 1854 car-

328 1884 433 1918 minis
466 1887 605 1927 partem
635 1884 772 1916 nuntiat
804 1883 890 1916 satis
921 1883 1039 1924 clare,
1070 1893 1113 1916 ac
1144 1894 1252 1926 quum
1286 1885 1395 1927 vulgo
1420 1884 1586 1917 tractatio
1609 1894 1695 1927 par-

325 1947 415 1981 tium
440 1948 609 1989 sequatur
641 1945 887 1988 prooemium,
920 1945 1095 1978 nonnullis
1126 1945 1321 1988 prooemiis
1351 1946 1462 1979 etiam
1486 1945 1597 1989 ipsius
1619 1948 1695 1979 tra-

327 2007 490 2042 ctationis
525 2006 672 2040 initialis
703 2015 786 2048 pars
819 2004 1026 2039 continetur.
1084 2005 1152 2039 His
1185 2007 1416 2050 praemonitis
1446 2008 1492 2041 ad
1527 2007 1694 2051 exempla

328 2071 502 2104 venimus.

419 2132 483 2164 Est
501 2130 612 2174 igitur
633 2130 748 2173 prima
768 2128 967 2162 carminum
987 2129 1117 2173 forma,
1142 2142 1236 2174 quae
1256 2131 1528 2165 fundamentum
1547 2133 1582 2164 et
1596 2130 1693 2174 prin·

328 2192 462 2236 cipium
488 2196 701 2234 ceterarum,
718 2192 830 2224 haec:
852 2200 875 2222 a
905 2189 928 2222 b
955 2200 987 2223 a·
1026 2194 1082 2228 01.
1097 2193 1123 2226 Ι,
1141 2193 1175 2226 in
1195 2193 1380 2238 prooemio
1400 2193 1491 2227 nihil
1508 2193 1593 2227 dicit
1607 2193 1692 2227 illu-

857 2248 985 2259 ———

866 2257 975 2305 K.)

325 2315 430 2349 strius
456 2328 533 2349 esse
553 2316 745 2361 Olympico
771 2322 979 2363 certamine,
1004 2324 1039 2355 et
1063 2319 1239 2352 excitatur
1262 2316 1480 2360 exspectatio
1506 2320 1692 2360 praestan-

325 2377 413 2411 tiam
438 2378 546 2411 liuius
570 2381 774 2414 certaminis
799 2382 832 2415 in
857 2383 1026 2416 Hieronis
1059 2379 1235 2424 promissa
1258 2379 1366 2412 laude
1400 2379 1624 2412 declaratum
1648 2378 1693 2412 iri

324 2441 551 2474 luculentius.
585 2442 695 2485 quue
719 2443 772 2476 fit.
810 2445 895 2478 Post
915 2432 1140 2488 prooemium
1166 2452 1267 2473 orsus
1293 2452 1314 2473 a
1339 2440 1511 2474 victoriae
1531 2440 1692 2474 ludicrae

325 2503 431 2535 laude
456 2513 539 2535 mox
563 2504 606 2535 ad
633 2504 795 2548 mythica
819 2505 956 2546 transit,
982 2516 1025 2538 ac
1050 2514 1157 2547 quum
1175 2501 1346 2546 Olympia
1372 2505 1406 2534 et
1426 2501 1589 2535 Herculis
1614 2501 1691 2545 epi-

325 2563 419 2598 nicia
447 2569 564 2598 essent
588 2569 622 2598 et
644 2565 815 2600 funebres
839 2567 913 2601 ludi
933 2566 1090 2610 Pelopi8‚
1116 2576 1206 2597 nunc
1231 2563 1337 2596 buius
1362 2563 1487 2596 fabula
1512 2564 1689 2595 narratur.

324 2625 511 2661 Postremo
535 2627 581 2661 ad
605 2627 774 2662 Hieronis
798 2628 954 2663 ludicras
977 2638 1034 2662 res
1059 2627 1159 2661 redit.
1208 2625 1314 2659 Vides
1343 2625 1518 2660 directam
1543 2623 1689 2658 laudem
