1751 2986
1325 81 1417 113 101¹

47 177 247 213 Pindaricis
269 187 494 223 magnopere
516 177 659 213 videtur
683 177 931 213 excelluisse?
976 176 1175 212 Exstnbant
1196 176 1315 221 siglae
1338 175 1416 210 eius

47 239 152 274 textis
180 239 389 283 appositae3
412 251 448 274 v.
470 240 628 273 maxime
650 240 788 274 Scholl.
811 240 939 275 lsthm.
963 240 1004 282 V,
1025 237 1084 273 4⁴1.

137 300 194 334 Ex
234 300 471 346 Pergamenis
513 301 770 336 Grammaticis
811 301 904 335 inter
946 299 1156 335 Pindaricos
1200 297 1415 341 interpretes

47 360 206 396 eminent
236 362 402 397 Crates
425 363 653 397 Mallotes
684 367 719 397 et
742 363 947 404 Artemo,
978 361 1040 405 qui
1063 360 1267 396 Sicularum
1292 369 1414 394 rerum

46 422 312 456 curiosissimus
334 423 420 464 fuit3
445 436 480 457 v.
505 424 706 457 Boeckh.
732 436 765 467 p.
790 424 889 456 Xlll.
947 423 1046 456 Inter
1068 421 1270 456 Aristarchi
1292 424 1413 454 secta-

45 486 141 518 tores
163 485 209 518 de
232 485 381 519 Pindari
404 486 622 530 expositione
645 486 737 519 bene
761 484 909 519 meritos
933 488 1120 518 censentur
1143 481 1413 516 Ammonius

44 544 417 589 Alexandrinae,
451 547 775 581 Aristodemus
799 546 956 588 Eleus,
987 545 1089 579 cuius
1111 545 1256 578 tertium
1278 544 1413 578 librum

43 604 129 651 περὶ
154 606 346 653 Πινδάρου
371 608 457 642 citat
479 609 687 642 Athenaeus
712 608 779 649 XI,
801 605 881 640 495.
906 608 970 649 R,
994 607 1310 648 Menecrates3
1336 605 1409 640 vid.

43 667 252 702 Boeckh.
279 681 315 712 p.
340 670 436 703 Xlll.
978 707 982 711 .

133 729 373 764 Adversarius
401 730 599 764 Aristarchi
632 731 931 764 Ptolemaeus
962 729 1202 773 Epitheta,
1234 729 1290 763 illi
1325 725 1410 763 ἐπι-

39 788 182 824 θέσθαι
206 791 349 830 solitus,
380 802 466 824 num
491 791 525 824 in
550 790 747 825 Pindarum
771 795 1032 824 commentatus
1054 791 1118 832 sit,
1141 791 1319 824 incertum
1343 794 1408 824 est.

40 851 114 886 Sed
146 851 182 885 in
220 851 374 885 Pindaro
406 856 570 886 versatus
610 856 663 886 est
694 852 1031 896 Asclepiades,
1069 863 1139 885 non
1171 851 1409 896 Tragilensis,

45 913 368 959 Τραγῳδουμένων
402 917 547 954 auctor,
582 914 645 946 sed
677 914 949 956 Myrleanus
979 914 1046 946 sub
1069 913 1306 955 Philopatore
1331 914 1408 946 cla-

38 985 111 1018 rus,
135 974 196 1018 qui
212 975 322 1008 etiam
340 976 383 1008 de
402 975 536 1009 Cratini
552 974 870 1018 Aristophanisque
893 973 1029 1007 fabulis
1045 973 1258 1017 scripserat3
1285 985 1318 1008 v,
1337 973 1368 1007 F
1377 985 1406 1006 r.

39 1037 85 1072 X.
118 1037 364 1070 Werferus
393 1037 483 1070 Actt.
520 1036 667 1070 Philoll.
700 1036 798 1070 Mon.
832 1036 876 1069 T.
903 1035 957 1076 11,
989 1033 1023 1067 4.
1056 1045 1092 1078 p.
1125 1034 1194 1069 491
1228 1046 1326 1078 seqq.
1372 1038 1407 1068 et

36 1097 238 1132 Meinek.
262 1098 354 1132 Hist.
381 1098 468 1131 crit.
493 1098 593 1131 Com.
619 1097 681 1131 Gr.
707 1109 741 1141 p.
767 1097 822 1130 12.
870 1097 1066 1130 Praeterea
1093 1096 1405 1139 Aristonicus,

37 1159 145 1203 idem,
178 1171 287 1204 quem
306 1163 388 1204 post
410 1160 657 1194 Lehrsium
694 1159 729 1192 in
753 1158 912 1192 Scholiis
935 1158 1077 1192 Venetis
1102 1159 1226 1192 Iliadis
1250 1159 1404 1203 agnovi-

35 1231 136 1263 mus;
168 1221 379 1263 chael-is,
404 1220 656 1266 Dionysius
680 1220 951 1262 Phaselim,
982 1219 1243 1264 Dionysius
1275 1220 1403 1255 Sido-

35 1283 135 1318 nius
160 1286 196 1317 et
221 1282 369 1326 quidam
395 1282 459 1317 alii
480 1282 727 1327 ignobiliores.

127 1344 312 1378 Prioribus
350 1345 511 1388 palmam
550 1343 749 1387 praeripuit
789 1340 1026 1388 χαλκέντερος
1067 1343 1130 1376 ille
1159 1342 1402 1388 Didymus

32 1405 398 1448 Alexandrinus,
423 1406 694 1446 Aristarcheus,
719 1404 820 1437 cuius
843 1402 1095 1448 ὑπομνήματα
1118 1405 1152 1438 in
1176 1405 1342 1444 Paeanas
1367 1409 1402 1440 et

31 1467 199 1512 Epinicia
227 1468 467 1501 celebrantur.
532 1468 586 1500 Ex
620 1466 696 1500 istis
728 1466 865 1509 optima
896 1477 1062 1510 quaeque
1094 1466 1132 1499 in
1169 1466 1400 1500 scholiorum

32 1532 200 1564 veterum
222 1530 432 1574 congeriem
462 1527 627 1561 derivata
651 1527 826 1560 videntur.
882 1527 1060 1572 Didymus
1083 1527 1160 1570 ipse
1183 1528 1400 1571 praecipuo-

32 1601 116 1623 rum
138 1590 376 1634 interpretum
409 1589 599 1623 sententias
625 1592 844 1632 apposuerat
867 1588 1166 1632 diiudicaratque.
1220 1590 1303 1623 Hoc
1327 1590 1399 1634 igi-

30 1655 89 1686 tur
114 1651 346 1686 Scholiorum
378 1656 579 1685 nostrorum
612 1651 904 1688 fundamentum,
941 1651 1070 1696 quibus
1093 1654 1218 1693 postea
1241 1651 1399 1695 plurima

30 1712 212 1755 detracta,
236 1712 310 1747 alia
331 1725 458 1747 recens
481 1713 615 1756 addita,
646 1713 762 1746 multa
787 1710 937 1757 ignavia
962 1711 1242 1747 describentium
1267 1713 1397 1747 decur-

30 1777 107 1808 tata
129 1778 210 1808 sunt
234 1778 271 1808 et
293 1774 475 1818 dissipata.

119 1836 336 1880 Quanquam
366 1835 402 1869 in
433 1835 528 1868 hanc
561 1845 671 1878 quam
704 1835 871 1869 manibus
896 1834 1044 1868 terimus
1069 1835 1301 1870 Scholiorum
1332 1836 1396 1870 sil-

28 1907 113 1931 vam
143 1897 331 1942 probabile
366 1900 420 1930 est
452 1907 496 1930 ex
531 1896 575 1930 iis
614 1908 754 1940 quoque
788 1896 1043 1940 interpretibus
1075 1898 1254 1940 quaedam
1283 1899 1397 1932 ascita

29 1968 130 2001 esse,
165 1957 227 2003 qui
251 1961 332 2002 post
356 1957 538 1991 Christum
569 1962 693 1992 natum
724 1959 961 1992 vetustiorum
985 1959 1191 2000 exemplum
1213 1958 1397 2001 repetive-

27 2023 120 2053 rant.
166 2020 206 2053 In
232 2019 362 2063 quibus
387 2023 442 2053 est
464 2020 714 2054 Eleaticus
739 2019 1025 2053 Palamedes
1045 2018 1300 2060 nominandus,
1333 2030 1394 2053 cu-

29 2081 82 2115 ius
117 2079 318 2125 ὑπόμνημα
351 2080 403 2120 εἰς
428 2082 619 2126 Πίνδαρον
653 2081 738 2115 citat
762 2081 891 2115 Suidas
914 2092 942 2113 s.
969 2092 1025 2119 v.;
1061 2078 1108 2112 cf.
1141 2083 1244 2114 acute
1270 2080 1394 2124 dispu-

28 2146 165 2177 tantem
187 2140 484 2176 Boeckhium
511 2153 546 2185 p.
571 2143 668 2176 xlx.
722 2143 775 2176 De
800 2143 956 2176 dialecto
982 2150 1064 2174 cum
1087 2139 1243 2173 aliorum
1269 2144 1394 2184 poeta-

27 2214 110 2238 rum
138 2203 337 2248 lyricorum
368 2206 443 2237 tum
468 2203 613 2237 Pindari
637 2204 832 2246 scripserat
855 2203 1043 2247 Trypho
1073 2200 1275 2243 Ammonii,
1309 2203 1395 2237 Ale-

26 2264 240 2306 xandrinus3
271 2264 356 2299 vide
390 2264 491 2299 Suid.
522 2276 549 2298 s.
583 2276 619 2299 v.
683 2265 752 2298 His
780 2276 872 2298 nunc
904 2264 997 2298 addo
1030 2263 1176 2296 tertium
1215 2264 1394 2306 quendam

27 2325 310 2372 grammaticum
333 2338 378 2360 ex
400 2326 579 2371 Appuleio
611 2327 656 2360 de
679 2326 851 2372 Orthogr.
877 2329 907 2369 §.
933 2325 997 2359 43:
1031 2325 1276 2369 „Cyrenenses
1307 2337 1394 2370 poe-

26 2389 88 2422 tae
111 2386 277 2421 dicuntur
299 2388 492 2422 Battiadae
515 2388 679 2422 Herodio
704 2387 742 2432 (2
757 2400 792 2422 v.
815 2388 1032 2422 Welcker.
1051 2386 1151 2430 Cycl.
1167 2386 1270 2430 Epic.
1288 2399 1322 2431 p.
1340 2388 1393 2431 7.)

28 2451 75 2482 et
105 2448 316 2483 Proculo
352 2453 397 2483 et
426 2449 603 2483 Proc‘lo
629 2450 775 2484 Pindari
798 2448 1101 2483 enarratoribus.”
1157 2449 1230 2482 Sed
1251 2461 1394 2491 vereor,

27 2520 75 2544 ne
99 2509 272 2554 impostor
294 2511 397 2545 ludos
413 2511 550 2553 faciat,
572 2511 636 2554 qui
659 2512 747 2546 satis
769 2512 896 2546 stolide
921 2523 964 2545 ex
987 2511 1141 2550 Proclo,
1176 2521 1284 2554 quem
1307 2522 1394 2546 eun-

27 2570 112 2606 dem
134 2571 330 2609 Proculum
350 2572 463 2607 scribi
488 2577 643 2615 constat,
667 2574 758 2608 duos
781 2573 946 2608 homines
966 2571 1108 2606 fecerit.

921 2632 1083 2659 *******
1098 2633 1124 2672 2
