1751 2986
276 121 386 150 LXXII

278 215 388 260 pulus>
418 214 530 249 fuisse
553 214 714 256 {traditur
740 212 966 247 Scholiastae
999 212 1106 245 Arist.
1136 211 1255 246 Nubb.
1281 211 1361 245 964.
1387 232 1429 238 —
1465 213 1641 248 Deinde

278 277 341 311 alii
363 277 598 320 Scopelinum
630 275 679 309 ita
711 277 960 316 removerunt,
993 276 1031 306 ut
1068 284 1149 307 eum
1173 276 1361 317 parentem
1385 275 1534 308 alterius
1555 276 1642 309 Pin-

278 338 356 371 dari
382 342 416 371 et
439 337 685 382 ignobilioris,
717 347 825 379 quem
848 335 978 369 Snidas
1009 336 1243 369 vetustiorem
1276 337 1462 378 appellare
1486 337 1642 379 videtur,

276 400 389 433 fuisse
420 400 627 431 statuerent.
683 397 737 429 Ab
773 397 830 429 his
852 408 920 429 non
954 396 1120 430 videntur
1155 396 1362 429 dissensisse
1393 398 1454 441 qui
1477 398 1643 442 Scopeli-

277 472 363 493 num
387 459 562 505 πατρωόν
591 458 711 502 potius
741 470 849 502 qnam
878 457 1020 503 πατέρα
1044 457 1190 490 Pindari
1214 457 1345 491 ferunt.
1401 458 1584 505 Πατρωόν
1606 461 1644 494 in

278 523 420 555 vratisl.
454 533 476 555 a
500 520 741 554 Boeckhio
768 524 839 561 est,
872 520 970 553 cuius
994 519 1125 553 iudicio
1151 519 1243 552 fides
1279 521 1419 554 accedit
1441 521 1643 563 Eustathii3

280 584 392 616 codex
424 582 618 627 πάτρωον,
654 582 746 614 unde
782 581 1106 614 Schneiderus
1138 581 1312 625 πατρῶον
1348 582 1506 625 effinxit,
1539 584 1577 616 h.
1609 594 1642 616 e.

277 643 441 689 πάτρων.
498 645 555 678 Tu
588 643 690 684 vide,
724 655 768 675 ne
798 646 939 676 veteres
973 643 1119 676 fictores
1150 643 1220 686 ipsi
1243 643 1278 676 in
1302 643 1446 676 diversa
1471 643 1646 678 abierint:

277 706 458 741 Eustathii
491 706 587 739 enim
619 704 819 738 orationem
851 705 957 737 credo
990 704 1040 738 ita
1063 705 1379 749 redintegrandam
1404 715 1501 737 esse:
1528 701 1647 740 ’Ἄλλοι

279 768 319 803 δὲ
344 767 531 813 πάτρων
559 766 750 811 Πινδάρου
777 766 850 799 εἴτε
873 765 1093 809 πατρωὸν
1117 765 1183 801 τὸν
1202 768 1429 800 Σκοπελῖνον
1454 763 1560 800 εἶπον
1582 777 1647 810 γε-

278 830 425 865 νέσθαι.
479 830 597 874 Igitur
629 828 692 861 alii
718 827 915 870 Daiphanti
946 840 1097 860 uxorem
1135 832 1215 871 post
1235 832 1387 861 mortem
1411 828 1533 861 mariti
1555 828 1646 863 Sco-

278 891 398 936 pelino
423 891 603 934 nupsisse,
631 890 693 923 alii
716 891 812 922 hunc
840 893 968 933 poetae
992 894 1160 933 patruum
1182 889 1336 923 fabulati
1361 893 1453 923 sunt.

372 953 583 987 Tertium
614 952 816 996 periculum
847 955 881 984 et
912 952 948 984 id
980 953 1015 984 in
1041 952 1123 985 trito
1148 951 1301 985 artificio
1333 955 1498 984 veterum
1521 961 1648 996 gram-

280 1014 495 1047 maticorum
526 1014 683 1057 positum
714 1024 840 1045 eorum
865 1016 935 1054 est,
968 1013 1029 1055 qui
1061 1014 1215 1046 alterum
1250 1013 1405 1057 lyricum
1428 1012 1646 1046 Thebanum

278 1076 390 1108 nostri
421 1079 550 1118 poetae
576 1073 736 1116 α’νεψιόν
760 1074 1115 1107 comminiscerentur
1145 1086 1299 1118 eumque
1325 1074 1508 1117 Scopelini
1530 1074 1648 1107 filium

281 1140 461 1177 crearent3
497 1138 591 1180 quod
624 1148 667 1169 ex
691 1135 806 1169 Suida
839 1135 1039 1180 colligitur,
1073 1136 1132 1179 qui
1167 1136 1405 1170 recentiorem
1427 1136 1536 1170 istum
1561 1136 1650 1171 Pin-

281 1198 408 1231 darum
434 1209 455 1231 a
481 1209 592 1242 cycno
616 1198 769 1231 Dircaeo
796 1209 956 1230 seorsum
982 1199 1147 1231 collocat.

371 1260 559 1293 Postremo
590 1264 803 1302 quartum
844 1260 1021 1305 effugium
1055 1260 1341 1303 circumspexere
1378 1259 1443 1293 alii
1481 1259 1569 1299 hoc,
1609 1262 1649 1294 ut

280 1320 403 1365 Myrto
436 1325 589 1354 matrem
620 1325 700 1364 post
724 1322 861 1354 obitum
886 1322 1019 1363 mariti,
1055 1322 1271 1366 Pagondae‚
1302 1321 1466 1364 nupsisse
1489 1321 1650 1356 dicerent

281 1381 472 1424 Scopelino
497 1382 645 1415 tibicini.
701 1382 894 1416 Simillime
919 1383 956 1416 hi
984 1388 1089 1426 atque
1115 1383 1157 1425 ii,
1184 1394 1271 1426 quos
1295 1384 1409 1416 altero
1432 1384 1514 1416 loco
1538 1394 1650 1426 pone-

280 1442 379 1483 bam,
404 1442 469 1474 nisi
495 1442 588 1484 quod
612 1454 675 1486 pro
693 1444 899 1487 Daiphanto
917 1445 1130 1489 Pagondam
1156 1447 1358 1488 loquuntur.
1406 1445 1446 1477 In
1472 1444 1530 1477 his
1552 1449 1650 1478 tene-

281 1503 356 1536 bris
381 1514 491 1548 aegre
525 1503 718 1547 dispicias,
752 1507 835 1549 quid
859 1508 919 1540 vel
943 1519 1069 1540 verum
1094 1508 1152 1540 vel
1181 1518 1269 1540 vero
1294 1506 1499 1550 proximum
1521 1505 1651 1540 haberi

283 1569 456 1608 oporteat.
512 1566 659 1599 Interim
693 1567 1009 1611 Daiphantum
1052 1572 1087 1601 et
1121 1568 1340 1601 Clidicen
1375 1568 1540 1611 parentes
1571 1570 1651 1601 tue-

282 1638 380 1667 mur,
413 1637 500 1669 quos
534 1627 611 1660 vita
635 1628 785 1660 metrica
822 1629 921 1661 novit
947 1631 1054 1663 solos.
1101 1630 1147 1663 Et
1170 1629 1414 1673 Daiphantum
1439 1629 1583 1672 quidem
1609 1649 1651 1655 —

280 1688 425 1723 librarii
454 1700 582 1721 nomen
615 1689 803 1732 aliquoties
836 1689 870 1722 in
899 1689 1116 1733 Διόφαντον
1141 1695 1372 1734 corruperunt
1395 1710 1439 1714 —
1471 1694 1506 1723 et
1528 1691 1652 1734 plures

282 1753 390 1783 testes
421 1754 456 1784 et
488 1751 741 1794 locupletiores
778 1757 963 1794 promunt,
996 1754 1235 1787 Philostratus
1268 1753 1396 1787 Senior
1426 1753 1568 1797 hnagg.
1602 1752 1651 1794 Π,

281 1811 352 1853 12.,
377 1812 503 1856 Steph.
524 1813 627 1857 Byz„
653 1814 817 1846 Thomas
836 1815 958 1859 Mag.:
985 1814 1079 1849 κατὰ
1098 1814 1186 1854 τοὺς
1210 1810 1492 1857 ἀληθεστέρους,
1517 1813 1652 1848 Suidae

283 1877 425 1907 auctor:
461 1870 481 1907 ὃ
513 1875 574 1908 καὶ
598 1875 736 1917 μᾶλλον
768 1871 922 1918 ἀληθές,
953 1880 988 1910 et
1012 1881 1153 1919 practer
1183 1877 1340 1919 reliquos
1363 1877 1516 1909 Tzetzes
1543 1875 1653 1909 Chill.

280 1936 320 1978 I,
351 1935 384 1971 8.
441 1936 591 1970 Accedit
622 1936 878 1981 gravissimum
909 1942 1129 1971 momentum
1160 1937 1251 1971 tituli
1284 1938 1401 1971 libelli
1423 1937 1652 1971 Plutarchei:

281 1999 361 2041 βίος
393 1996 616 2040 Δαϊφάντου
648 1998 710 2032 καὶ
737 1996 941 2044 Πινδάρου.
997 2000 1071 2033 Nee
1104 2000 1147 2033 de
1182 1999 1294 2032 nihilo
1327 2003 1397 2042 est,
1430 2000 1522 2042 quod
1553 1998 1654 2032 filius

283 2060 432 2093 Pindari
456 2060 652 2104 Daiphanti
678 2072 805 2093 nomen
831 2061 984 2105 gessisse
1009 2061 1146 2104 fertur,
1186 2061 1230 2094 de
1263 2071 1332 2094 avo
1358 2073 1401 2094 ex
1425 2072 1526 2094 more
1552 2063 1655 2094 vete-

282 2134 363 2155 rum
397 2122 619 2155 Graecorum
653 2123 875 2163 nominatus3
920 2124 1003 2156 vide
1037 2124 1227 2166 Enstath.,
1270 2123 1335 2156 Vit.
1369 2123 1497 2164 Metu,
1539 2122 1654 2163 Suid.,

284 2184 352 2216 Yit.
378 2183 519 2217 vratisl.
567 2185 778 2227 Scopelinus
804 2189 923 2218 autem
948 2185 1081 2219 tibicen
1106 2197 1188 2218 cum
1212 2188 1404 2229 puerulum
1428 2185 1463 2218 in
1489 2188 1565 2217 arte
1589 2194 1655 2216 sua

283 2245 510 2287 instituisset,
554 2246 707 2279 fortasse
743 2258 764 2279 a
797 2251 903 2290 poeta
939 2247 1073 2280 alicubi
1110 2247 1310 2281 honorifice
1352 2249 1655 2280 commemoratus

284 2306 353 2340 fuit
386 2309 445 2340 vel
470 2307 611 2341 nomine
637 2309 794 2351 parentis
819 2310 879 2342 vel
904 2312 939 2342 ut
972 2310 1085 2342 verba
1110 2309 1144 2342 in
1177 2308 1282 2341 istam
1305 2308 1519 2341 sententiam
1543 2307 1656 2341 desse-

287 2368 334 2401 cti
367 2380 472 2412 posse
505 2369 723 2403 viderentur.
793 2371 898 2403 Certe
934 2374 1089 2403 matrem
1119 2368 1261 2414 ,Μυρτώ
1298 2381 1340 2402 ex
1374 2369 1483 2402 simili
1517 2369 1656 2414 origine

286 2430 360 2463 iam
396 2430 482 2463 olim
515 2432 643 2474 repetii
689 2433 733 2465 ad
767 2432 933 2464 Eustath.
976 2443 1010 2474 p.
1047 2431 1124 2475 15„
1160 2444 1240 2465 cum
1276 2432 1452 2465 Pindarus
1483 2430 1657 2475 μαθητὴς

286 2493 480 2537 ῘῑῙυρτίδος
510 2492 684 2536 γυναικὸς
715 2493 855 2527 dicatur
888 2492 1024 2527 Suidae
1057 2505 1085 2527 s.
1118 2506 1153 2528 v.
1177 2494 1226 2537 3).
1292 2493 1466 2527 Eiusdem
1503 2493 1657 2527 nominis

321 2627 357 2669 3)
383 2628 576 2659 Pearsonus
608 2627 757 2658 hiulcam
797 2626 991 2658 orationem
1025 2626 1072 2657 ita
1106 2625 1384 2668 coagmentabat:
1420 2623 1482 2658 καὶ
1506 2626 1658 2669 Μυρτί-

379 2673 444 2712 δος
467 2671 642 2716 γυναικὸς
670 2670 802 2716 [υἱός]
829 2669 1003 2716 μαθητὴς
1029 2669 1083 2715 [δὲ
1103 2669 1231 2706 Λάσου
1255 2667 1281 2716 ἢ
1298 2671 1538 2715 Σιμωνίδου].
1565 2673 1656 2705 Fru-
