1751 2986
1367 151 1414 178 ΙΝ

51 248 183 284 bellica
201 248 451 294 praedicatur3
476 257 598 281 cursus
615 245 783 280 carminis
802 257 821 279 e
840 245 988 279 ludicris
1005 244 1181 279 Herodoti
1200 244 1308 277 rebus
1324 255 1413 288 pen-

51 311 129 354 det,
162 323 273 355 quum
306 309 439 344 bellica
471 312 564 343 tecte
597 311 804 342 tractentur.
858 308 1008 351 lamque
1041 306 1233 351 accingens
1268 317 1307 339 se
1333 309 1414 350 post

49 371 274 416 prooemium
308 371 354 405 ad
377 369 551 404 Herodoti
577 371 738 403 curulem
762 369 952 402 victoriam
978 369 1230 402 celebrandam
1254 367 1412 412 primum

47 433 258 467 Castoreum
283 431 389 475 canit,
414 434 488 466 tum
505 443 672 465 reversus
697 432 743 464 ad
758 431 932 464 victorem
949 431 1066 474 ipsum
1090 433 1125 464 et
1142 431 1316 463 Isthmum
1335 430 1410 464 On-

49 495 285 539 chestumque
304 493 503 535 nominans,
528 492 760 526 nihilominus
782 504 849 526 non
876 492 1006 537 pergit,
1031 492 1094 525 sed
1120 491 1276 535 primum
1299 491 1413 525 alium

46 558 168 591 locum
200 556 244 590 de
270 556 381 600 patris
410 555 555 588 fortuna
578 555 791 598 interponit,
827 559 902 587 tum
926 564 1014 587 vero
1039 565 1104 596 per
1127 553 1319 586 sententias
1343 564 1410 598 gc·

46 620 185 652 nerales
216 619 362 652 tertium
395 617 441 651 ad
474 616 696 650 Herodotum
736 616 878 648 rediens
906 614 1075 648 victorias
1109 614 1186 647 eius
1225 617 1411 647 enumerat

44 679 236 723 plurimas,
269 680 376 713 simul
409 683 444 712 et
466 679 676 712 Castoreum
709 677 760 710 sic
785 677 990 720 explicans,
1025 687 1088 708 cnr
1113 674 1145 708 ei
1173 675 1349 707 debeatur
1374 678 1410 708 et

44 741 89 774 de
113 741 223 784 patris
255 742 443 784 praeclara
473 739 618 772 fortuna
651 751 694 771 ex
727 738 934 771 calamitate
968 737 1129 770 restituta
1164 747 1227 768 cur
1259 736 1409 776 dixerit3

43 806 98 837 est
120 802 214 836 enim
238 801 504 835 fundamentum
530 801 695 834 fortunae
720 800 756 833 in
780 800 857 832 filio
880 798 1106 841 conspicuae.
1142 798 1305 841 Denique
1329 798 1406 832 bel-

39 863 134 898 licae
162 874 221 897 res
244 862 280 896 in
304 863 474 897 Castorea
498 862 604 896 simul
637 865 836 895 tractantur
864 860 1016 903 aliisque
1050 859 1084 892 in
1109 858 1201 892 locis
1225 859 1406 893 admixtae

41 924 180 959 ceteris.
203 943 246 950 —
271 925 395 958 Isthm.
415 925 473 957 vl.
497 924 533 957 in
559 923 745 968 prooemio
772 927 877 966 poeta
900 920 1088 954 consilinm
1115 921 1231 964 prodit
1249 921 1403 964 patriam

41 985 148 1020 deam
170 986 338 1020 Thebam
373 986 611 1020 exhilarandi.
667 986 788 1028 Quare
817 982 988 1026 mythicis
1014 982 1204 1015 decoribus
1242 983 1293 1016 ibi
1326 995 1403 1016 me-

39 1047 206 1090 moratis,
239 1052 320 1092 post
350 1048 574 1092 prooemium
612 1048 657 1081 ad
694 1045 925 1089 Strepsiadae
961 1043 1148 1076 victoriam
1184 1044 1402 1077 laudandam

38 1109 153 1152 venit,
185 1113 220 1144 et
242 1109 450 1153 interposito
475 1112 554 1144 loco
579 1111 623 1143 de
649 1108 786 1153 proelio
810 1106 1027 1151 gravissimo
1054 1110 1135 1139 ante
1160 1106 1274 1147 sacto,
1309 1107 1401 1139 unde

36 1170 143 1205 simul
175 1171 445 1205 exhilarationis
474 1172 660 1205 consilium
685 1170 901 1214 explicatur,
937 1167 1063 1201 laetius
1096 1167 1205 1200 ctiam
1230 1167 1321 1199 redit
1356 1167 1400 1200 ad

36 1233 131 1266 hane
154 1233 364 1275 victoriam,
394 1234 548 1277 deniqne
583 1238 662 1277 post
685 1243 816 1266 novam
852 1229 1134 1263 admonitionum
1160 1228 1400 1271 interpositio-

35 1306 117 1328 nem
149 1294 293 1329 tertium
325 1295 371 1328 ad
403 1295 559 1329 ludicras
591 1307 648 1328 res
673 1294 814 1328 rediens
846 1303 910 1336 pro
942 1291 1063 1324 futura
1096 1301 1205 1332 (piam
1236 1289 1402 1333 agitabat

35 1356 263 1400 Strepsiades
286 1357 438 1390 victoria
461 1360 546 1390 vota
569 1357 676 1397 facit,
708 1357 868 1389 indicans
892 1354 943 1386 sic
969 1353 1077 1386 etiam
1103 1362 1249 1385 camsam
1273 1352 1399 1384 admo-

35 1417 208 1451 nitionum
229 1417 527 1452 antecedentium.
575 1418 889 1460 Quemadmodum
914 1415 1024 1460 igitur
1046 1414 1142 1458 prior
1166 1415 1266 1447 locus
1291 1413 1398 1446 inter-

35 1480 172 1524 positus
195 1480 418 1523 prooemium
453 1479 628 1522 explicat,
663 1480 715 1512 sic
748 1479 923 1512 secundus
956 1477 1052 1511 exitu
1084 1475 1253 1509 carminis
1284 1475 1399 1518 expli—

35 1545 156 1581 catur,
180 1540 307 1583 bisque
331 1540 497 1574 adhibuit
520 1545 626 1584 poeta
649 1541 844 1574 artificium
872 1538 1054 1583 positionis
1078 1537 1129 1570 rei
1160 1548 1222 1580 per
1245 1547 1397 1579 sequen-

34 1601 84 1636 tia
108 1601 354 1645 explicandae.
381 1620 423 1627 -
456 1602 590 1635 lsthuh
608 1602 671 1635 111.
705 1603 740 1635 in
766 1601 952 1645 prooemio
984 1600 1092 1632 lande
1126 1598 1274 1642 dignum
1301 1598 1398 1638 dicit,

32 1663 92 1708 qui
118 1664 352 1697 certaminum
372 1663 490 1709 gloria
516 1667 576 1697 aut
599 1663 733 1697 divitiis
761 1667 907 1695 ornatus
930 1662 1039 1694 simul
1063 1671 1085 1693 a
1109 1660 1282 1703 superbia
1307 1659 1397 1692 alie-

32 1737 99 1759 nus
130 1725 194 1766 sit3
227 1737 306 1759 esse
337 1737 426 1760 vero
457 1727 567 1760 talem
603 1725 784 1759 fortunam
820 1724 930 1757 ctiam
963 1722 1234 1756 diuturniorem.
1290 1721 1398 1754 Vides

31 1786 94 1820 hic
126 1786 350 1820 indefinitam
391 1787 724 1831 praeparationem,
768 1787 893 1830 quales
926 1795 1038 1828 snpra
1078 1784 1212 1817 notavi.
1273 1783 1395 1826 Quare

31 1848 194 1892 proxime
218 1852 298 1892 post
315 1849 540 1892 prooemium
565 1849 710 1892 propius
736 1849 780 1882 ad
805 1848 963 1882 ludicras
987 1857 1045 1879 res
1069 1846 1244 1879 accedens
1268 1844 1397 1877 defini-

30 1910 102 1945 tius
125 1909 295 1944 describit
318 1921 463 1943 carmen
487 1909 556 1951 sic,
591 1913 630 1942 ut
660 1909 750 1942 duas
773 1909 913 1943 Melissi
943 1907 1115 1942 victorias
1139 1907 1317 1940 canendas
1342 1906 1396 1938 in-

30 1971 146 2013 dicet3
171 1975 207 2006 et
230 1971 385 2015 priorem
410 1971 552 2014 quidem
577 1973 740 2004 curulem
764 1971 884 2004 statim
909 1970 1074 2009 illustrat,
1099 1968 1180 2001 inde
1200 1978 1288 2001 vero
1312 1969 1396 2000 ante

31 2034 151 2068 omnia
172 2034 364 2077 interponit
397 2034 517 2066 locum
541 2033 585 2065 de
607 2033 722 2078 gentis
746 2032 914 2065 laudibus
946 2034 980 2063 et
1003 2029 1108 2070 fatis,
1140 2031 1395 2072 praeparatum

30 2097 145 2129 altera
168 2095 345 2139 prooemii
370 2098 493 2137 parte,
527 2097 562 2127 et
586 2098 665 2137 post
687 2095 781 2126 hunc
808 2094 951 2125 demum
986 2091 1031 2124 ad
1056 2091 1243 2124 Melissum
1268 2101 1392 2122 rever-

29 2167 109 2199 sus,
143 2156 249 2190 huius
280 2155 462 2189 continuat
492 2155 667 2189 ludicram
702 2155 866 2195 laudem,
899 2155 1051 2186 alteram
1082 2152 1273 2185 victoriam
1298 2152 1393 2183 celc-

28 2219 138 2252 brans
162 2218 459 2261 praeclaramque
483 2221 598 2250 artem
622 2215 948 2261 pancratiasticam.
999 2214 1068 2247 llic
1094 2216 1193 2247 locus
1217 2213 1394 2246 nuntiatus

28 2290 139 2324 supra
161 2279 292 2323 pendet
313 2279 420 2312 simul
442 2279 603 2312 suaviter
626 2291 669 2312 ex
693 2278 924 2312 antecedente
949 2276 1155 2318 interposito
1180 2286 1244 2318 per
1268 2286 1392 2307 conse-

29 2341 237 2385 quutiouem
267 2340 436 2380 effectns;
475 2351 559 2373 nam
598 2344 745 2384 propter
783 2339 931 2372 virtutes
974 2336 1072 2382 genti
1110 2337 1201 2369 haec
1240 2335 1393 2369 victoria

29 2403 124 2436 data.
171 2402 307 2435 Credas
331 2413 422 2434 nunc
445 2401 586 2434 finitum
611 2411 775 2441 carmen,
807 2401 870 2433 sed
902 2410 985 2432 mox
1011 2409 1142 2430 novum
1165 2399 1285 2431 locum
1310 2408 1391 2440 my—

28 2464 166 2498 thicum
199 2463 243 2496 de
268 2464 425 2496 Hercule
449 2462 611 2503 subiicit,
645 2475 688 2496 ex
713 2473 781 2506 quo
807 2461 948 2495 tertium
985 2460 1030 2493 ad
1056 2460 1244 2493 Melissum
1268 2471 1391 2493 rever-

29 2536 89 2558 sus
114 2525 221 2559 etiam
248 2524 386 2569 priores
410 2524 479 2558 viri
505 2524 798 2568 pancratiasticas
825 2523 993 2556 victorias
1020 2525 1159 2555 tractat.
1208 2523 1311 2565 Quae
1336 2532 1392 2553 res

0 2586 80 2620 *sic
112 2585 346 2631 intelligenda
377 2589 452 2628 est,
482 2591 663 2629 postremo
695 2586 805 2619 etiam
839 2595 987 2617 causam
1018 2587 1053 2616 et
1082 2583 1259 2617 rationem
1293 2582 1392 2615 reddi

29 2647 170 2683 virtutis
191 2648 352 2683 ludicrae
375 2650 410 2681 et
434 2647 654 2681 dexteritatis
678 2646 975 2692 pancratiasticae
1002 2656 1157 2690 magnae
1180 2655 1289 2689 supra
1314 2645 1392 2677 lau-
