1794 2982
339 273 533 308 Isthmia
557 272 620 314 111,
642 271 698 306 59.
745 269 1060 306 Rauchensteinins
1079 281 1116 316 p.
1134 270 1191 305 31.
1216 277 1300 314 post
1328 267 1431 317 ἕρπει
1455 278 1627 310 commate
1650 273 1709 306 di-

431 318 500 351 tin
525 317 588 351 uit.

338 330 529 397 Isthsmi{
553 364 619 406 VI,
645 363 699 397 51.
725 369 802 396 not.
849 363 918 395 Pro
943 362 1074 393 Buttm.
1098 361 1142 396 ΙΙ.
1165 373 1202 406 Ρ.
1227 361 1317 395 176.
1341 361 1418 405 lege
1442 362 1486 394 ΙΙ.
1511 373 1548 405 p·
1573 361 1670 397 186.

338 409 575 443 Isthmior.
603 409 645 441 fr.
672 408 731 452 1V‚
752 409 785 442 4.
830 406 1020 442 ἐκτίσσατο
1043 406 1192 439 formam
1216 407 1418 440 inusitatam
1442 407 1526 440 dixi.
1574 409 1711 452 Nempe
1756 429 1757 432 =

430 455 594 488 Pindaro.
649 456 806 486 Utuntur
836 453 1016 498 Euphorio
1047 452 1091 488 fr.
1126 453 1181 487 50.
1218 460 1254 485 et
1287 453 1498 487 Nicaenetus
1531 453 1711 487 Parthenii

431 501 571 533 Narrat.
596 503 708 532 Amat.
734 501 800 532 XI.

339 545 564 590 Hyporch.
590 545 635 577 fr.
658 545 718 577 lV.
765 546 981 588 Rogaveram
1006 543 1354 586 Bambergerum
1380 551 1414 576 et
1435 543 1711 587 Emperium,

432 598 471 624 ut
502 591 641 623 illustre
674 591 905 632 fragmentum
948 596 1154 622 excuterent
1184 590 1339 632 mihique
1375 590 1582 632 sententiam
1615 601 1712 622 suam
1752 608 1754 610 v

429 635 702 689 perscriberent.
758 638 933 669 Fecerunt
955 635 1022 667 viri
1046 635 1261 678 amicissimi,
1288 635 1414 680 quibus
1439 635 1604 668 videntur
1625 635 1712 668 Pin-

431 681 549 714 darica
575 682 624 714 sic
648 682 737 714 bene
762 683 977 734 procedere:
1510 699 1513 703 -

473 723 588 766 'Anug
608 724 753 769 Ἀελίου,
777 728 831 768 τί,
856 723 1071 767 πολύσκοπ’,
1095 722 1265 779 ἔμησω,
1288 725 1404 771 μᾶτερ
1423 720 1614 770 ὀμμάτων,

474 769 613 828 ἄστρον
635 770 846 826 υπὲρτατον
870 772 909 806 ἐν
928 769 1051 826 αμέρᾳ
1074 768 1344 813 κλεπτόμενονς

476 816 619 861 ἔθηκας
641 815 835 861 ἀμάχανον
860 816 964 862 ἰσχὺν
987 815 1134 851 πτανὸν
1155 814 1336 871 α’νδροὶσιν

474 863 538 897 καὶ
562 865 697 906 σοφίας
721 862 835 905 ὁδόν,
862 862 1059 898 ἐπίσκοτον
1083 860 1254 908 ἀτραπὸν
1279 859 1472 906 ἐσσυμένα,

474 907 646 943 ἐλαύνειν
669 911 705 942 τί
727 908 908 963 νεώτερον
933 906 956 949 ἢ
979 909 1116 952 πάροςς

475 951 570 988 ἄλλα
595 964 655 995 σε,
680 952 774 1009 πρὸς
799 951 907 992 Διός,
932 953 1060 992 ι’πποις
1084 949 1179 986 θεὰ
1203 953 1354 990 θοαῖς
1378 949 1559 1005 ἱκετεύω,

474 995 640 1043 απημον’
671 998 708 1039 ἐς
740 997 850 1044 ὄλβον
882 996 1040 1044 τράποιο
1068 994 1227 1041 Θήβαις,
1260 992 1290 1031 03
1317 994 1474 1040 πότνια,
1505 993 1713 1040 πάγκοινον

1030 1057 1032 1060 ’
1078 1044 1118 1077 τέ
1144 1055 1199 1080 ας.

430 1089 550 1131 „Quid
573 1089 778 1130 instituisti,
811 1095 850 1121 ut
871 1088 1024 1121 interdiu
1058 1094 1094 1119 te
1119 1056 1332 1120 gubduceres
1364 1087 1475 1120 oculis
1504 1086 1712 1120 hominum?

341 1135 448 1190 quid,
483 1142 520 1167 ut
553 1135 719 1167 redderes
750 1146 848 1177 seqq.
853 1134 875 1149 '’
930 1133 1141 1166 Consideret
1166 1133 1289 1166 lector.
1345 1133 1433 1165 Mihi
1459 1144 1583 1176 neque
1595 1132 1712 1186 μᾶτερ

337 1179 515 1225 ὀμμάτων
547 1187 617 1212 tam
644 1180 735 1212 nude
762 1180 894 1212 dictum
922 1180 1037 1222 placet
1072 1186 1106 1211 et
1130 1178 1308 1219 ζαθέας
1336 1179 1474 1217 ιππους
1499 1180 1540 1210 ab
1567 1178 1712 1210 dubita·-

337 1229 434 1262 tione
468 1227 647 1259 vindicare
681 1237 787 1270 quum
817 1226 990 1269 scriptura
1016 1225 1189 1258 librorum
1223 1232 1297 1257 tum
1321 1225 1422 1258 Philo
1446 1224 1631 1258 Armenius
1652 1223 1712 1257 vi-

337 1275 476 1307 dentur.

336 1321 401 1353 Fr.
427 1319 514 1351 inc.
542 1317 600 1351 44
654 1317 762 1350 God.
790 1318 1073 1349 Hermannus
1109 1316 1509 1360 Opuscc.111.p.217.
1543 1326 1614 1348 non
1642 1315 1712 1348 du·-

428 1364 611 1396 bitandum
632 1363 682 1395 ait
706 1364 788 1406 quin
812 1363 982 1395 Pindarus
1006 1360 1207 1403 αδοὶμοιντα
1230 1362 1424 1404 scripserit.
1458 1362 1501 1393 Et
1522 1361 1625 1393 video
1646 1373 1711 1394 co-

430 1410 543 1442 dicem
568 1410 594 1442 P
621 1420 699 1441 cum
725 1409 784 1441 VL
819 1409 984 1440 exhibere
1019 1405 1166 1452 ὁδάμαν
1189 1405 1234 1443 δ’.
1292 1408 1370 1441 vel
1384 1407 1435 1440 sic
1466 1404 1710 1452 ἀνδροδάμαν

427 1463 548 1489 teneo.

301 1514 307 1523 ·
337 1501 400 1534 Fr.
425 1501 510 1535 inc.
530 1501 586 1534 81.
620 1496 816 1541 ἀνακηκίει
841 1511 882 1531 ex
907 1506 994 1532 nutu
1019 1500 1191 1532 librorum
1209 1499 1374 1542 Bergkius
1394 1498 1555 1533 Addend.
1579 1497 1708 1542 p.885

336 1547 404 1582 Fr.
429 1547 513 1580 inc.
540 1546 594 1580 94.
651 1546 756 1578 God.
795 1546 1079 1578 Hermannus
1113 1546 1149 1578 in
1183 1544 1434 1578 dissertatione
1473 1544 1524 1576 de
1558 1510 1708 1576 Cphoro

428 1592 688 1647 vesparum
719 1591 1054 1646 Aristophanis
1090 1603 1200 1646 nuper
1232 1591 1326 1623 edita
1352 1602 1384 1633 p.
1411 1590 1443 1622 9.
1477 1589 1526 1624 ita
1550 1589 1707 1633 refingit:

433 1635 513 1673 Τὰν
538 1637 691 1680 δείματα
715 1635 782 1681 μὲν
803 1634 899 1683 νπὲρ
922 1635 1079 1673 πόντιον
1102 1636 1221 1683 πόρον
1234 1634 1369 1676 ’Ἕλλας
1393 1633 1504 1680 ἱερόν.
