1751 2986
70 860 157 906 DE
183 859 473 906 RATIONE
502 860 788 907 POETICA
823 859 1181 907 OARMINUM
1211 864 1431 909 PINDA-

134 942 443 989 RICORUM
478 944 568 988 ET
603 945 688 988 DE
721 945 1363 993 INTERPRETATIONIS
1417 944 1419 947 ⁴

302 1026 566 1071 GENERE
600 1028 682 1072 IIS
718 1028 1098 1074 ADHIBENDO
1118 1027 1189 1088 *).

65 1259 127 1318 Ρ
125 1282 286 1325 roprium
309 1281 380 1316 fuit
401 1281 574 1316 classicae
600 1282 825 1316 Graecorum
849 1283 948 1322 artis,
973 1286 1010 1316 ut
1034 1283 1171 1316 ratione
1198 1288 1334 1327 ageret,
1361 1294 1429 1318 non

65 1353 175 1378 caeco
200 1343 349 1387 impetu,
375 1355 486 1386 quum
509 1348 647 1377 tantum
669 1344 824 1376 haberet
846 1344 907 1376 hic
929 1345 1083 1386 populus
1107 1355 1188 1377 cum
1212 1355 1319 1378 sensu
1343 1356 1429 1378 acu—

63 1415 146 1437 men
172 1403 411 1444 coniunctum,
437 1408 473 1436 ut
497 1404 606 1437 etiam
627 1404 787 1447 poeticus
810 1403 957 1446 spiritus
980 1416 1050 1437 non
1073 1405 1282 1438 obscuraret
1300 1407 1430 1441 mentis

63 1464 193 1504 aciem,
208 1464 272 1496 sed
290 1468 462 1497 concentu
481 1464 642 1497 mirabili
663 1465 797 1498 virium
815 1475 907 1506 quae
924 1464 1124 1498 invenirent
1140 1465 1430 1510 ingeniosissime

62 1525 169 1560 simul
200 1528 414 1558 revocarent
444 1525 490 1558 ad
522 1525 744 1568 clarissimas
774 1524 925 1557 formas.
982 1526 1059 1558 Non
1087 1530 1167 1558 sunt
1200 1526 1258 1559 hic
1292 1527 1429 1571 inanes,

59 1586 162 1631 vagi,
185 1585 337 1627 confusi,
359 1585 632 1629 inexplicabiles
649 1597 784 1627 sensus,
805 1597 893 1629 quos
912 1586 1102 1629 complecti
1119 1586 1239 1620 animo
1258 1599 1429 1631 nequeas,

60 1649 125 1683 sed
147 1650 220 1691 'quo
243 1646 397 1690 penitius
419 1647 456 1681 in
488 1647 615 1681 intima
640 1647 941 1691 compositionum
971 1651 1136 1691 penetres
1161 1652 1195 1682 et
1218 1659 1288 1691 quo
1312 1650 1428 1684 subti-

58 1710 130 1745 lius
154 1720 216 1743 ens
239 1708 434 1750 examines,
458 1719 501 1742 eo
526 1709 771 1754 magis'quam
798 1708 897 1740 clare
921 1707 990 1740 sint
1015 1708 1136 1741 omnia
1162 1709 1321 1753 cogitata
1345 1722 1426 1744 sen-

59 1772 106 1806 tis
124 1774 160 1805 et
177 1773 310 1814 quanta
330 1768 550 1812 perfectione
566 1770 653 1804 artis
671 1779 851 1813 expressa.
880 1768 1061 1812 Quidquid
1076 1770 1208 1803 subtile
1227 1775 1261 1804 et
1280 1773 1427 1817 elegans

58 1831 101 1867 in
118 1820 327 1865 rationibus·
341 1830 610 1873 sententiarum,
634 1831 669 1864 in
685 1831 850 1864 iunctura
873 1841 1007 1871 rerum,
1033 1835 1153 1864 tenent
1175 1832 1426 1875 callidissime3

60 1893 145 1938 quid
168 1893 216 1927 sit
238 1902 459 1936 praeparare
481 1891 582 1933 scite,
607 1891 757 1925 transire
780 1891 950 1933 suaviter,
976 1892 1202 1936 amplificare
1220 1895 1427 1939 magnifice,

55 1958 186 2001 ‘tegere
224 1953 429 1999 ingeniose,
463 1953 658 1987 admonere
689 1953 839 1995 decore,
877 1964 946 1986 non
979 1954 1094 1996 possis
1125 1945 1255 1988 melius
1287 1956 1428 1989 discere

62 2030 332 2046 .,,-,.-.-,.

77 2076 129 2122 ³5)
151 2076 321 2121 [Pretium
351 2075 418 2108 erit
450 2076 640 2108 contulisse
674 2076 825 2108 diversas
850 2075 1031 2107 hominum
1056 2075 1243 2108 doctorum
1270 2076 1314 2107 de
1340 2077 1425 2117 Dis,-

148 2122 237 2155 senii
261 2120 560 2164 disputationibus
586 2121 796 2163 sententias,
832 2121 874 2152 G.
904 2121 1144 2152 Hermanni
1173 2122 1321 2163 Opuscc.
1347 2123 1420 2154 VH.

147 2178 183 2243 pl.
211 2165 253 2199 18
277 2177 388 2243 ἓξὲξ,
422 2167 463 2197 Α.
489 2167 512 2196 Β
529 2165 926 2242 ‘ivecgsshiaisAsnssfibqs
945 2165 1420 2245 l*Lflittze'ranfihssmol-ini]1183?

182 2235 190 2242 .
254 2234 262 2243 .
379 2221 498 2249 sen,
564 2236 571 2244 .
638 2235 645 2243 .
737 2221 805 2242 ec
847 2222 912 2242 er1
985 2221 1055 2242 use1
1144 2221 1245 2242 enam
1312 2224 1420 2245 ομ.

86 2262 89 2267 “
147 2222 354 2289 anuip1832.
382 2221 504 2298 p.q⁴iGl
532 2268 627 2299 seqq.
663 2256 756 2288 etin
787 2255 922 2298 egregia
947 2256 1238 2288 commentatione
1265 2257 1307 2289 de
1333 2268 1421 2297 cou-

148 2301 233 2340 silio⁴
255 2300 388 2344 aliquot
415 2301 604 2333 carminum
629 2301 891 2333 Pindaricorurn
928 2300 1013 2332 ibid.
1041 2302 1119 2333 vol.
1146 2303 1188 2334 Π.
1227 2302 1307 2333 anni
1337 2302 1422 2335 1833

146 2359 182 2390 p.
209 2345 275 2379 364
295 2356 402 2389 seqq„
431 2346 581 2388 denique
607 2347 668 2378 Fr.
694 2346 856 2378 Thiers
870 2345 963 2378 chii
989 2345 1247 2379 admonitiones
1271 2348 1304 2379 in
1322 2348 1420 2379 Actis

146 2391 351 2425 Academiae
375 2391 575 2424 Monacens.
601 2392 682 2424 Vol.
707 2393 750 2429 11,
777 2392 806 2424 l.
834 2403 868 2434 p.
894 2392 939 2424 50
963 2401 1061 2434 seqq.
1281 2431 1283 2433 Ι

239 2437 367 2469 Contra
410 2437 668 2470 obtrectatores
705 2437 874 2469 eiusmodi
916 2437 1154 2479 quaestionum
1187 2437 1420 2470 difficillima-

88 2520 90 2524 ,
143 2494 220 2515 rum
234 2482 428 2525 ‘multisque
445 2483 691 2522 taediosarum‚
717 2483 778 2514 sed
795 2482 839 2514 ad
856 2481 1172 2526 persentiscendam
1192 2489 1301 2514 artem
1328 2494 1419 2525 poe-

144 2534 198 2560 tae
223 2527 326 2560 valde
350 2529 620 2560 necessariarum
654 2528 804 2560 Dissenii
834 2534 1022 2571 praecepta
1056 2527 1211 2560 dilucide
1234 2527 1419 2571 explicatis

125 2573 343 2606 *rationibus
364 2573 545 2616 praeclare
569 2575 677 2606 tuitus
702 2581 758 2606 est
783 2574 830 2605 C.v
847 2575 886 2605 O.
910 2573 1164 2606 Muellerus
1195 2573 1417 2606 Praefatione

142 2619 296 2662 ,Dissenii
320 2619 576 2662 opusculorum
599 2631 635 2663 p.
660 2620 779 2651 XLIX
803 2630 900 2662 seqq.
948 2618 1061 2661 SCH.]
1176 2663 1178 2665 Ι

1127 2679 1149 2701 ια
