1794 2982
499 77 897 118 YHOPXHMA
914 79 1010 119 TA.
1347 81 1429 120 289
1472 68 1481 69 ”

206 193 848 238 LUU-UU—LQQ—UU-—

204 260 1110 326 υέυυ--Ι-υ-υὲ-ἕ-έυυ---Ικῆ-

304 328 318 348 Ι
395 328 408 349 Ι
749 330 763 350 Ι
1051 329 1114 347 Α
1262 337 1294 354 υ

201 352 1292 374 υυ---υψ-υυ---υυ-υυ-ψυυ-υ-

202 395 972 440 Δυυ-υυ-ἕ-έυυ-ψῦῖψὲ

202 529 229 553 Χ
301 530 315 551 Ι
594 531 620 555 Χ
692 532 705 552 Ι
909 532 922 552 l
987 539 1018 556 ψ

199 555 1017 575 ---υ-υ-υ----υυ---υ-

194 697 333 758 'Am-ig
364 698 553 759 Ἀελίου,
588 701 650 757 τί,
685 699 946 758 πολύσκοπ’,
998 700 1090 760 ἐμοὶ
1124 704 1249 747 θοῶν
1281 703 1415 761 μᾶτερ

730 765 948 826 ὀμμάτων,

193 831 356 894 ἄστρον
387 832 631 894 ὑπέρτατον
666 834 709 879 ἐν
744 833 881 897 ἁμέρᾳ
915 833 1202 893 κλεπτόμενον

192 901 358 965 ἔθηκας
391 900 614 961 ἀμάχανον
649 899 778 961 ἰσχὺν
811 898 1004 947 ποτανὰν
1034 899 1246 960 οἷνόράσιν

190 970 264 1014 καὶ
299 970 461 1030 σοφίας
495 965 614 1024 ὁδόν,
645 967 732 1014 ἐπεὶ
767 969 933 1015 σκότου
964 966 1159 1030 α’τραπόν
1194 969 1411 1029 ἐσσυμένα

127 1041 157 1084 5
192 1035 387 1094 ἐλαύνεις
420 1037 463 1082 τί
494 1035 706 1098 νεώτερον
744 1033 773 1098 F}
800 1035 965 1098 πάρος,-

99 1185 139 1228 4,
167 1186 196 1218 l.
222 1183 325 1229 ἐμαῖς
346 1183 454 1225 θέαις
477 1182 574 1230 μέτρ’
603 1182 797 1228 ὀμμάτων,
823 1204 866 1210 -·
899 1186 931 1219 3.
963 1183 1106 1220 πτανὸν
1130 1205 1171 1210 —
1206 1187 1238 1220 4.
1263 1185 1410 1223 ἐπίσκο-

53 1243 121 1265 τον
142 1250 188 1256 --
211 1232 243 1264 5.
269 1229 434 1265 ἐλαύνειν
458 1244 493 1265 τι
516 1228 697 1275 νεώτερον

143 1325 202 1358 Fr.
227 1323 260 1358 4.
307 1325 453 1370 Dionys.
478 1326 564 1359 Hal.
596 1326 639 1359 de
676 1325 802 1359 admir.
835 1324 870 1358 vi
904 1324 1042 1358 dicendi
1078 1325 1111 1358 in
1137 1327 1323 1360 Demosth.
1350 1327 1407 1361 vl.

54 1382 90 1414 p.
114 1369 191 1403 972.
215 1371 302 1404 ΒεΙι.
349 1371 445 1405 Loco
466 1371 732 1414 corruptissimo
758 1371 932 1404 auxilium
957 1382 998 1403 ex
1016 1371 1197 1405 codicibus
1214 1384 1297 1405 mss.
1324 1384 1407 1416 spe-

52 1416 145 1449 ravi.
194 1401 244 1449 kt
267 1417 416 1450 contulit
448 1417 538 1450 mihi
570 1417 638 1450 Fr.
671 1418 944 1449 Duebnerus
978 1417 1063 1448 duos
1088 1418 1189 1450 codd.
1215 1418 1408 1457 Parisinos,

52 1473 105 1494 nr.
132 1460 232 1494 1742.
258 1461 436 1504 et1745.,
470 1468 657 1505 utrumque
681 1467 861 1495 recentem
897 1466 931 1494 ct
954 1462 989 1494 in
1014 1462 1247 1504 apertissimis
1270 1464 1407 1496 mendis

52 1518 133 1540 cum
166 1508 318 1550 vulgata
348 1508 437 1541 mire
469 1508 749 1550 conspirantem,
784 1508 846 1540 sed
878 1512 914 1539 ut
949 1508 1123 1549 quaedam
1149 1514 1267 1541 tamen
1293 1509 1406 1542 corri—

51 1563 138 1596 gere
163 1554 269 1595 paulo
293 1553 424 1586 certius
447 1553 520 1586 iam
543 1553 695 1586 licuerit.
719 1571 757 1576 —
784 1552 816 1585 1.
839 1552 1030 1597 Dionysius
1055 1559 1089 1585 et
1113 1553 1193 1587 libri
1219 1553 1306 1597 ἐμῆς
1324 1555 1405 1588 θεῶ

48 1595 86 1640 μ’
110 1593 198 1643 ἄτερ
225 1595 419 1640 ὀμμάτωντ
452 1600 678 1632 Hermannus
711 1597 791 1641 ἐμοὶ
823 1598 928 1631 θοῶν
960 1597 1060 1642 μέτρ’
1086 1596 1276 1641 ὅμμάτωνε
1309 1599 1405 1633 Boe-

48 1642 176 1676 ckhius
203 1640 305 1685 ἐμαῖς
328 1643 436 1682 θέαις
468 1642 567 1689 μέτρ’
591 1641 776 1686 ὀμμάτων.
824 1644 869 1676 Et
893 1642 1006 1688 με’τρα
1031 1644 1174 1686 quidem
1198 1646 1404 1678 Philostra-

47 1690 104 1721 tus
134 1687 248 1732 Epist.
279 1688 335 1723 79.
377 1689 566 1723 contestari
599 1690 821 1722 credebatur.
884 1689 955 1722 Sed
998 1701 1079 1722 eum
1119 1701 1257 1733 quoque
1289 1691 1403 1735 μᾶτερ

46 1732 205 1777 firmare,
230 1735 324 1778 quod
348 1735 467 1779 ipsum
489 1735 525 1768 in
549 1739 715 1778 corrupta
738 1734 901 1778 Dionysii
923 1734 1099 1778 scriptura
1123 1736 1315 1769 manifesto
1339 1733 1405 1780 apl-

46 1783 165 1822 paret,
199 1785 298 1823 patet
330 1793 372 1814 ex
404 1780 463 1814 his
498 1781 574 1814 eius
605 1780 726 1813 verbis
758 1791 780 1813 a
812 1780 1046 1813 Boissonadio
1078 1792 1191 1824 nuper
1225 1782 1269 1814 ad
1294 1781 1405 1814 fidem

48 1823 127 1857 cod.
151 1826 367 1860 emendatis:
400 1825 471 1871 τὴν
501 1825 585 1871 περὶ
607 1826 656 1870 τῷ
688 1824 871 1870 προςώπῳ
895 1825 1056 1868 γαλήνην
1081 1825 1183 1869 εἰμὴ
1209 1826 1402 1868 θολώσεις,

43 1865 180 1914 ἄστρον
208 1869 418 1917 ὑπέρτατον
450 1869 488 1906 ἐν
520 1869 639 1916 ἁμέρᾳ
672 1868 899 1915 βλεπόμενον
924 1869 1054 1912 δόξεις.
1108 1872 1153 1904 Εἰ
1175 1871 1215 1905 δὲ
1241 1870 1278 1904 ἐκ
1304 1873 1401 1905 Πιν-

44 1913 162 1961 δάρου
192 1917 332 1958 ταῦτα,
363 1915 513 1952 κάκεῖνό
544 1928 619 1950 που
653 1915 748 1964 κατὰ
781 1916 991 1959 Πίνδαρον,
1032 1916 1073 1950 τὸ
1108 1913 1195 1954 τήν
1230 1913 1401 1951 οἷκτῖνα

42 1958 128 2004 τήν
169 1959 260 1997 οἷπὸ
291 1963 372 1997 σοῦ
415 1962 639 2005 πηδῶσαν
682 1964 814 1995 εἰναι
847 1960 937 1994 τῶν
978 1960 1098 2003 ἐμῶν
1136 1959 1402 2005 ὀφθαλμῶν

42 2003 231 2051 μητέρα.
285 2007 380 2041 Hine
414 2007 564 2041 correxi.
597 2025 643 2031 —
674 2005 708 2038 2.
745 2006 971 2050 βλεπόμενον
1007 2006 1244 2040 Philostratus
1269 2008 1313 2040 de
1337 2019 1401 2041 suo

41 2051 250 2086 immutasse
273 2052 426 2086 videtur.
472 2051 637 2096 Dionysii
657 2051 835 2095 scriptura
859 2055 974 2084 exstat
1003 2051 1111 2084 etiam
1136 2053 1232 2095 apud
1256 2053 1400 2086 Plutar-

43 2096 152 2130 chum
183 2098 262 2138 loco
294 2097 390 2132 infra
420 2097 587 2141 ascripto.
613 2117 655 2122 —
686 2096 719 2130 3.
753 2094 968 2140 οἷγμάχανον
1000 2098 1077 2129 cod.
1111 2096 1211 2130 1742.
1258 2098 1397 2131 Ibidem

41 2142 147 2185 ἰσχὺν
184 2141 395 2177 ποτανὰν
438 2139 594 2188 ἀνδράσι
634 2142 696 2176 καὶ
735 2143 909 2183 σοφίαν
947 2142 1136 2186 Bergkius.
1195 2144 1285 2177 Cum
1317 2144 1395 2176 cod.

39 2186 144 2221 1745.
170 2189 341 2222 exhibeat
374 2187 516 2223 πτανὸν
549 2184 730 2233 δράσιν,
764 2187 946 2231 suspicere
976 2187 1203 2221 scribendum
1227 2187 1397 2223 ποτανὰν

40 2234 230 2279 φρασίν.
277 2235 382 2268 Certe
413 2231 584 2268 ποτανοὶν
615 2232 760 2266 Pindari
785 2244 867 2265 usus
899 2232 1091 2276 flagitavit.
1117 2253 1156 2259 —
1189 2232 1223 2266 4.
1248 2233 1282 2267 5.
1308 2234 1396 2268 Dio-

38 2278 160 2323 nysius
194 2277 412 2314 ἐπισκόπτεν
443 2278 661 2324 (ἐπίσκοπον
685 2276 792 2311 1745:
831 2277 1056 2312 ἐπισκόπτον
1078 2277 1198 2323 1742.)
1229 2276 1396 2325 ἅτροπον

36 2321 219 2367 ἐσσαμὲνα
242 2323 466 2370 (ἐσσαμμένα
489 2323 608 2367 1742.)
642 2321 808 2358 ἐλαύνειν
840 2322 1023 2368 (ἐλαύνεις
1048 2322 1165 2368 1745.)
1202 2338 1238 2359 τι
1262 2325 1396 2360 νεώτε-

37 2381 105 2415 ρον
126 2366 152 2414 ἢ
175 2368 303 2417 πάρος.
346 2371 587 2407 Schneiderus
611 2367 690 2404 ἐπεὶ
713 2367 867 2409 σκότους
890 2367 1058 2414 ἀτραπὸν
1082 2368 1261 2413 ἐσσυμένα
1284 2369 1395 2405 ἐλαύ-

36 2426 112 2454 νεις
133 2429 170 2449 τι
193 2429 246 2459 ν.,
279 2417 506 2450 Hermannus
536 2415 729 2450 ἐπίσκοτον
754 2434 797 2440 -
824 2412 1010 2457 ἐλαύνειν,
1043 2426 1151 2458 quem
1173 2421 1317 2450 secutus
1341 2420 1395 2450 est

35 2460 264 2503 Boeekhius3
294 2462 473 2508 Bergkius
498 2459 590 2496 ὁδὸν
625 2460 685 2498 ἐπὶ
707 2459 862 2499 σκότους
885 2457 1053 2506 α’τραπόν
1077 2459 1255 2505 ἐσσυμένα
1280 2460 1392 2496 ἐλαύ-

35 2518 116 2540 νειν
146 2510 219 2541 κτλ.
251 2511 439 2542 tentarunt.
504 2507 696 2542 verissime
726 2506 985 2546 Schneiderus,
1018 2510 1056 2539 ut
1086 2518 1178 2540 nunc
1213 2518 1255 2540 ex
1287 2507 1389 2540 codd.

37 2551 211 2595 scriptura
226 2557 334 2597 patet,
351 2553 418 2587 nisi
436 2555 529 2599 quod
546 2551 679 2588 σκότου
700 2564 744 2586 ex
759 2563 825 2585 usu
840 2552 987 2586 Pindari
1004 2552 1158 2586 debebat
1176 2557 1211 2585 et
1230 2553 1277 2593 τί,
1296 2553 1390 2596 quod

35 2596 291 2641 rescripsimus.
339 2599 533 2645 Dionysius
556 2599 698 2643 quidem
722 2597 916 2632 ἐπίσκοτον
949 2597 1088 2630 dedisse
1113 2598 1275 2631 videtur:
1305 2597 1390 2631 Pin—

35 2642 115 2677 dari
149 2653 295 2678 manum
324 2645 536 2681 monstravit
557 2644 741 2680 Plutarch.
774 2644 817 2678 de
849 2643 919 2678 fac.
953 2643 987 2677 in
1021 2643 1095 2675 orb.
1122 2644 1193 2678 lun.
1218 2642 1280 2677 19:
1314 2643 1390 2678 Τὸν

79 2689 179 2722 Pind.
205 2690 314 2723 Carm-
339 2691 432 2724 Sect.
457 2693 484 2725 Ι.
1068 2689 1120 2728 19
