1751 2986
1488 219 1536 248 CV

172 318 276 359 sunt,
308 326 418 360 qnam
441 325 534 360 quae
555 314 722 349 laudibus
745 313 874 348 nostris
897 316 1040 360 egeant.
1087 314 1134 348 Et
1163 313 1423 348 Hermanno
1456 312 1536 356 qui-

174 377 256 411 dem
279 381 331 412 tot
361 378 468 412 debet
490 377 667 411 Pindarus
690 375 1018 420 praestantissimas
1041 376 1307 410 emendationes
1323 402 1332 418 ‚
1364 378 1449 419 quot
1480 375 1536 408 al-

173 438 240 472 teri
263 439 407 473 nemini.
452 437 821 472 Commentationibus
844 437 1057 482 IIeynianae
1082 437 1228 472 editioni
1251 436 1381 471 additis
1405 441 1440 471 et
1463 437 1538 470 dis-

172 500 348 543 putationi
373 501 426 534 de
458 499 671 533 dialecto
695 499 897 533 Pindari
928 498 1099 542 (Opuscc.
1125 500 1154 532 Ι.
1179 511 1214 543 p.
1239 497 1308 532 245
1329 497 1447 542 seqq.)
1470 509 1537 531 nu-

172 571 239 604 per
274 564 501 595 accesserunt
523 560 906 595 Emendationum
930 559 1290 594 Pindaricarum
1319 560 1433 594 libelli
1451 570 1537 594 aca-

173 619 305 654 demici
329 621 399 654 duo
426 622 511 656 editi
534 622 679 666 Lipsiae
699 621 813 662 1834,
836 621 980 665 repetiti
1004 621 1158 665 Opuscc.
1184 622 1258 654 vn.
1286 634 1319 664 p.
1346 620 1415 653 129
1438 632 1535 664 seqq.

171 680 354 716 Pertinent
378 683 644 716 emendationes
668 684 713 716 ad
739 683 897 716 carmina
921 682 1055 726 Pythia
1078 683 1160 715 inde
1185 693 1207 716 a
1229 683 1358 716 tertio:
1385 692 1467 715 nam
1492 683 1537 716 de

173 741 312 776 duobus
343 743 524 786 prioribus
558 742 724 775 disseruit
755 743 789 774 in
824 744 1123 776 commentatione
1157 744 1208 776 de
1232 743 1425 777 Officio
1458 744 1536 777 ln-

173 803 424 847 terpretis,
467 803 563 837 edita
591 803 737 846 Lipsiae
769 802 891 844 183⁴„
938 804 1092 846 repetita
1124 804 1276 847 Opusec.
1311 805 1383 837 Vll.
1423 816 1458 848 p.
1490 804 1537 838 97

169 875 269 908 seqq.
314 865 554 909 Augustus
579 868 700 897 autem
723 864 996 898 Boeckhius
1021 869 1212 908 postquam
1247 875 1338 898 anno
1362 864 1464 898 1809.
1490 865 1535 899 de

171 927 295 960 metris
325 926 470 960 Pindari
501 926 665 959 libellum
698 926 881 967 edidisset,
918 938 1010 960 anno
1041 926 1142 959 1811.
1185 926 1379 970 specimine
1411 939 1535 960 emen-

170 988 355 1022 dationum
382 988 418 1022 in
441 987 589 1021 Pindari
613 987 772 1021 carmina
804 990 953 1033 vulgato
987 988 1102 1021 iustae
1136 988 1282 1022 editioni
1311 989 1535 1032 prolusisset,

169 1048 253 1083 inde
285 1050 331 1084 ab
357 1060 449 1083 anno
472 1048 575 1082 1811.
609 1060 720 1093 usque
746 1050 791 1083 ad
817 1049 913 1083 1822.
951 1050 1089 1083 duobus
1114 1050 1219 1083 tomis
1243 1051 1405 1084 carmina
1428 1061 1535 1094 prae-

169 1112 268 1145 clare
292 1115 454 1145 correcta
477 1114 512 1144 et
534 1111 726 1144 uberrimis
749 1111 1015 1144 commentariis
1040 1112 1233 1154 explanata
1256 1113 1400 1155 prodire
1423 1112 1534 1148 iussit.

168 1172 210 1207 In
233 1172 532 1217 explicationibus
556 1173 818 1206 conscribendis
843 1173 1103 1206 Dissenium
1137 1173 1275 1206 socium
1299 1173 1369 1207 sibi
1394 1173 1534 1214 ascivit,

170 1233 232 1278 qui
253 1234 472 1268 Nemeorum
496 1239 530 1268 et
552 1235 784 1268 Isthmiorum
809 1235 1137 1278 interpretationem
1161 1235 1327 1268 absolvit.
1374 1235 1534 1269 Fride-

169 1295 259 1329 rici
282 1296 560 1330 Thierschii
595 1296 719 1329 Versio
745 1308 826 1329 cum
851 1296 1111 1330 introductione
1144 1297 1178 1330 in
1202 1296 1348 1330 Pindari
1373 1296 1534 1330 carmina

168 1358 265 1391 lectu
298 1357 472 1402 perdigna
506 1358 644 1390 duobus
686 1357 929 1392 voluminibus
969 1357 1065 1401 Lips.
1103 1357 1204 1392 1820.
1242 1358 1383 1402 prodiit.
1444 1358 1534 1392 Tria

169 1418 351 1461 carmina,
374 1419 431 1452 01.
456 1419 501 1452 11.
526 1419 582 1452 vl.
615 1420 723 1463 Pyth.
752 1420 793 1460 1.‚
827 1419 931 1452 docto
958 1419 1215 1453 commentario
1240 1420 1433 1454 illustravit
1458 1419 1532 1454 Si·-

168 1489 267 1513 mon
307 1480 506 1514 Karsten
546 1481 703 1514 Traiecti
745 1481 791 1513 ad
824 1481 940 1512 Rhen.
976 1480 1099 1521 1825„
1147 1481 1401 1524 XenophaniS‚
1442 1481 1533 1514 Par-

166 1541 340 1583 menidis,
373 1542 602 1585 Empedoclis
624 1541 785 1585 reliquiis
809 1546 933 1585 postea
971 1539 1074 1572 editis
1098 1542 1227 1574 clarus.
1276 1542 1533 1576 Dilucidu-

167 1603 317 1637 tiones
351 1604 635 1638 Pindarieas
677 1603 817 1646 scripsit
854 1602 909 1636 vir
951 1602 1177 1635 doctissimus
1216 1604 1295 1638 Th.
1330 1604 1370 1636 L.
1405 1604 1529 1638 Frid.

166 1665 403 1707 Tafefius,
436 1676 588 1708 quarum
624 1664 722 1708 prins
757 1665 924 1697 volumen
950 1663 1123 1708 Olympia
1156 1668 1190 1698 et
1214 1665 1346 1709 Pythia
1372 1667 1532 1710 comple-

168 1730 265 1760 ctens
287 1726 420 1770 prodiit
442 1727 602 1760 Berolini
626 1725 726 1759 1824.
755 1730 789 1759 et
812 1724 913 1760 1827.
968 1725 1022 1758 De
1047 1726 1175 1768 quibus
1208 1726 1258 1760 ita
1281 1728 1403 1761 statuit
1426 1727 1532 1761 Dis-

166 1788 343 1822 senius:
384 1787 612 1830 „Dictionem
650 1790 779 1830 poetae
811 1786 901 1819 locis
933 1786 1096 1828 plurimis
1132 1788 1287 1821 aliorum
1317 1789 1532 1833 scriptorum
1563 1832 1566 1836 Ι

166 1849 346 1895 congestis
376 1849 556 1883 illustrare
586 1848 726 1889 studet,
761 1859 804 1881 ex
829 1847 955 1891 quibus
986 1858 1078 1890 quae
1103 1849 1194 1882 meis
1218 1850 1341 1883 usibus
1366 1855 1451 1895 apta
1474 1851 1531 1885 vi—

166 1911 344 1945 debantur
378 1910 520 1953 notavi,
560 1909 633 1943 alia
670 1908 775 1942 omisi
815 1920 836 1941 a
879 1909 1024 1942 Pindari
1063 1910 1356 1953 interpretatione
1399 1912 1532 1945 aliena.

166 1972 320 2008 Omnino
345 1972 406 2006 hic
429 1972 486 2006 vir
508 1971 668 2005 eruditus
691 1970 809 2014 magis
835 1971 960 2003 circa
985 1971 1077 2003 haee
1102 1971 1264 2004 earmina
1287 1982 1396 2014 quam
1421 1973 1461 2005 in
1487 1972 1531 2006 iis

164 2035 305 2069 versari
336 2034 426 2068 mihi
458 2033 668 2073 videbatur,
700 2031 758 2074 qui
790 2031 825 2063 in
859 2031 1066 2065 interiorem
1096 2031 1272 2065 rationem
1305 2043 1429 2067 eorum
1463 2045 1532 2068 non

164 2095 402 2139 inquisiverit,
426 2098 533 2136 atque
558 2093 668 2127 etiam
695 2093 738 2125 de
760 2092 967 2126 fabularum
991 2104 1058 2126 usu
1082 2097 1117 2127 et
1141 2093 1378 2137 explicatione
1402 2106 1532 2138 parum

166 2159 334 2190 accurate
358 2154 523 2189 statuat.”
546 2173 591 2177 —
624 2154 652 2186 1.
677 2153 720 2186 F.
744 2153 1057 2188 Boissonadii
1086 2166 1172 2188 cura
1197 2156 1359 2190 carmina
1385 2157 1531 2192 Pindari

166 2229 211 2252 ex
233 2217 441 2251 recensione
464 2214 642 2250 Boeckhii
666 2225 835 2258 expressa
859 2218 939 2248 sunt
962 2216 1109 2249 Parisiis
1133 2216 1256 2260 1825„
1291 2218 1420 2252 additis
1445 2219 1531 2252 bre-

165 2279 273 2314 vibus
294 2279 408 2321 notis,
443 2290 485 2311 ex
519 2277 648 2320 quibus
673 2277 847 2320 quasdam
870 2277 1008 2320 repetii.
1056 2278 1137 2321 Ipse
1162 2279 1436 2313 Boeckhius
1468 2291 1532 2313 eo-

167 2341 250 2375 dem
283 2351 374 2375 anno
398 2339 541 2384 Lipsiae
575 2339 672 2383 apud
697 2337 919 2382 lVeigelium
943 2337 1092 2371 Pindari
1116 2340 1228 2374 verba
1264 2341 1379 2374 denuo
1404 2353 1532 2375 secun-

168 2403 254 2437 dum
277 2401 564 2436 dissertationem
587 2401 631 2434 de
657 2399 751 2433 Crisi
773 2400 935 2433 Berolini
959 2399 1061 2433 1823.
1093 2401 1271 2447 castigata
1305 2404 1444 2436 edenda
1469 2415 1532 2437 eu-

167 2463 284 2506 ravit,
324 2464 419 2507 quod
452 2463 638 2506 exemplar
675 2472 740 2494 nos
773 2471 838 2504 pro
876 2461 1109 2495 fundamento
1152 2463 1284 2497 criseos
1316 2466 1526 2499 habuimus.

167 2525 207 2559 C.
234 2525 276 2560 L.
302 2524 504 2570 Kayseri
527 2524 700 2558 lectiones
724 2522 934 2556 Pindarieas
969 2534 1078 2567 supra
1100 2525 1351 2559 laudavimus:
1377 2527 1533 2561 Fride-

167 2586 258 2620 rici
287 2585 612 2621 Heimsorethii
644 2584 818 2619 Addenda
859 2588 893 2618 et
924 2585 1148 2630 Corrigenda
1187 2586 1224 2620 in
1255 2587 1532 2621 Commentariis

167 2646 337 2690 Pindari,
369 2659 519 2691 quorum
555 2647 644 2681 Pars
666 2647 771 2681 Prior
796 2645 942 2679 Bonnae
967 2645 1067 2679 1840.
1094 2647 1198 2689 exiit,
1229 2659 1297 2680 non
1323 2658 1440 2691 pauca
1463 2648 1533 2682 mi-

168 2708 329 2751 nistrant,
354 2709 485 2753 quibus
501 2709 725 2755 singulorum
743 2709 905 2743 locorum
928 2708 1128 2743 intellectus
1153 2708 1353 2744 adiuvetur.
1388 2710 1534 2745 Postre-
