1751 2986
1334 115 1454 143 anx

90 216 238 241 versum
267 208 409 250 raptam
434 215 544 240 sanae
568 208 689 239 tamen
718 206 868 240 rationis
897 205 1010 240 frenis
1042 206 1222 250 sapienter
1245 217 1453 251 compesce-

89 271 180 302 rent.
228 267 344 301 Veluti
376 269 588 313 mythorum
620 278 706 300 usus
738 268 977 311 narrandique
1012 279 1126 313 genus
1151 268 1198 300 ab
1223 268 1329 311 epica
1352 269 1453 311 poesi

89 330 272 364 diversum
295 329 484 373 disciplina
505 329 735 362 monstranda
758 329 912 363 fuerunt.
961 329 1076 374 Ipsius
1092 330 1212 372 poesis
1233 330 1370 374 lyricae
1393 342 1452 364 re-

89 393 198 436 gulas
230 392 404 434 quasdam
430 394 465 425 et
487 401 632 424 normas
663 391 796 424 nemini
825 390 1034 435 migrandas
1064 391 1240 424 exstitisse
1265 391 1345 434 ipsa
1368 392 1454 424 Pin-

91 451 171 485 dari
196 451 356 486 carmina
379 456 504 496 aperte
528 452 696 486 indicant.
737 452 935 485 Identidem
962 456 1067 495 poeta
1091 453 1264 495 quosdam
1288 450 1454 495 τεθμοῦς

89 517 370 555 commemorat,
403 515 533 558 quibus
564 514 739 548 inservire
772 514 921 556 debeat,
952 514 1063 548 veluti
1096 514 1197 548 Nem.
1223 514 1281 556 lv,
1304 514 1370 548 33:
1404 515 1452 550 τὰ

88 573 213 620 μακροὶ
245 573 278 609 δ’
312 574 495 617 ἐξενέπειν
527 574 648 622 ἐρύκει
685 588 728 619 με
769 573 959 618 τεθμός
999 569 1107 620 Ὦραί
1140 573 1170 609 τ’
1206 574 1450 621 ἐπειγόμεναι.

86 636 195 680 Pyth.
229 636 288 678 IV,
321 636 408 671 247:
449 636 588 683 Μακρά
625 650 689 681 μοι
721 639 870 672 νεῖσθαι
911 632 990 671 κατ’
1028 633 1229 680 ἀμαξιτόν·
1269 636 1350 684 ὥρα
1383 638 1453 684 γὰρ

87 695 288 733 συνάπτει·
313 701 377 733 καί
400 711 483 734 τινα
510 697 628 742 Οἶμον
653 699 756 741 ἴσαμι
782 696 941 743 βραχύν·
976 701 1142 734 πολλοῖσι
1166 698 1198 734 δ’
1225 696 1364 743 ἅγημαι
1388 713 1451 736 σο-

87 760 179 802 φίας
207 757 358 804 ἑτέροις.
415 759 561 804 Olymp.
596 760 700 801 XIII,
732 759 795 791 47:
829 758 957 794 ἕπει-αι
990 758 1022 794 δ’
1054 759 1093 794 ἐν
1122 759 1264 806 ἑκάστῳ
1300 760 1451 806 μέτρον·

86 821 220 864 νοῆσαι
245 820 285 856 δὲ
307 819 436 867 καιρὸς
458 819 618 866 ἄριστος.
672 821 781 864 Pyth.
806 821 868 861 lx,
892 821 958 854 76:
984 819 1120 866 Ἀρεταὶ
1142 819 1174 855 δ’
1199 822 1273 856 αἰεὶ
1297 823 1453 865 μεγάλαι

85 880 325 926 πολύμυθοι·
358 879 454 918 Bou&
484 881 517 917 δ’
549 881 588 916 ἐν
614 885 786 928 μακροῖσι
818 883 1018 916 ποικίλλειν
1041 879 1146 916 Ἀκοὸι
1179 885 1330 926 σοφοῖς·
1366 881 1385 918 ὁ
1411 883 1452 918 δὲ

85 943 216 989 καιρὸς
241 942 377 989 ὁμοίως
401 942 550 984 Παντὸς
574 942 645 987 ἔχει
678 941 862 988 κορυφάν.
914 943 976 978 Sic
1009 954 1270 987 saepenumero
1303 946 1349 978 ab
1381 945 1451 978 sci-

83 1004 253 1039 tamentis
281 1005 454 1050 mythicis
484 1017 523 1040 se
545 1009 694 1040 revocat
716 1005 881 1050 legisque
906 1004 1052 1050 hymnis
1083 1005 1240 1049 scriptae
1264 1007 1452 1048 admonet3

86 1065 133 1099 cf.
159 1066 216 1100 01.
242 1067 338 1109 XIII,
361 1066 418 1101 93.
450 1069 559 1112 Pyth.
585 1068 627 1108 X,
651 1067 706 1101 49.
742 1069 803 1109 xl,
826 1067 882 1101 38.
915 1067 1017 1101 Nem.
1042 1067 1107 1107 ΙΙΙ,
1130 1066 1187 1100 26.
1231 1068 1345 1111 Atque
1371 1079 1451 1101 car-

84 1126 183 1161 mina
208 1138 275 1161 sua
300 1139 409 1171 quam
432 1130 602 1163 meditate
627 1140 842 1172 componere
867 1127 1055 1172 (μαχανὰν
1072 1139 1175 1161 suam
1201 1130 1292 1162 solet
1313 1130 1450 1173 dicere)

86 1192 123 1222 et
146 1192 278 1232 quanto
310 1201 392 1223 cum
423 1191 540 1225 studio
566 1191 727 1234 expolire
751 1190 876 1224 solitus
910 1190 957 1223 sit
982 1194 1183 1233 quantaque
1209 1202 1289 1223 cum
1314 1196 1391 1224 arte
1417 1195 1452 1226 et

85 1250 273 1294 prudentia
288 1261 352 1294 per
375 1256 495 1295 partes
515 1252 712 1294 deduxerit,
734 1253 766 1284 D
781 1251 945 1285 issenii
969 1251 1193 1294 potissimum
1218 1264 1328 1296 opera
1345 1265 1452 1297 egre-

84 1312 146 1356 gie
170 1311 389 1355 patefactum
414 1317 478 1348 est.
524 1314 605 1357 Ipse
635 1313 824 1357 profitetur
849 1314 974 1346 lsthm.
997 1314 1026 1354 1,
1050 1313 1089 1346 3:
1130 1312 1180 1357 μή
1212 1327 1276 1357 μοι
1307 1309 1451 1359 κραναὰ

84 1373 282 1416 νεμεσάσαι
305 1375 450 1415 Δᾶλος,
484 1373 522 1409 ἐν
548 1369 572 1420 ᾇ
598 1375 765 1418 κέχυμαι·
792 1394 835 1400 -
869 1371 985 1416 εἶξον,
1009 1368 1038 1407 ὦ
1063 1372 1298 1414 ’πολλωνιας·
1324 1374 1451 1420 ἄμφο-

84 1435 196 1480 τεροῖν
226 1447 286 1469 τοι
316 1436 476 1481 χαρίτων
500 1435 568 1470 σύν
591 1438 695 1476 θεοῖς
718 1435 828 1478 ζεύξω
853 1435 966 1476 τέλος.
1005 1437 1130 1469 Isthm.
1157 1437 1203 1478 ΙΙ,
1226 1434 1283 1468 45.
1317 1447 1355 1469 se
1379 1437 1451 1480 hy-

84 1508 187 1530 mnos
210 1507 293 1530 suos
318 1495 545 1542 ἐργᾰσασθαι
569 1497 666 1531 dicit.
713 1497 1017 1541 Compositionem
1040 1498 1232 1531 verborum
1259 1498 1451 1531 artificiose

84 1557 221 1592 factam
253 1557 370 1592 ἐπέων
394 1557 503 1593 θέσιν
535 1560 585 1592 ait
619 1559 765 1603 Olymp.
792 1560 861 1598 ΙΙΙ,
894 1560 950 1600 8.;
987 1570 1055 1602 ope
1086 1559 1214 1592 Musae
1245 1560 1451 1602 splendidos

84 1619 242 1653 musicos
272 1621 399 1654 modos
430 1620 611 1665 excogitat
645 1621 702 1654 01.
735 1621 806 1661 ΙΙΙ,
839 1620 881 1653 -Ιε
914 1622 1127 1663 νεοσίγαλον
1160 1618 1279 1662 εὑρών
1311 1618 1451 1665 τρόπον

84 1683 217 1727 Δωρίῳ
252 1681 384 1726 φωνὰν
408 1681 607 1726 ἐναρμόξαι
641 1683 776 1728 πεδίλῳ
804 1680 1061 1726 Ἀγλαόκωμον.
1119 1682 1174 1716 ΟΙ.
1204 1683 1260 1721 ΥΙ,
1284 1682 1348 1715 86:
1383 1680 1450 1716 α”ν-

83 1741 214 1788 §gaiam
247 1744 461 1787 αἰχματαῖσι
494 1744 636 1777 πλέκων
666 1746 840 1778 Ποικίλον
871 1740 999 1787 ὕμνον.
1050 1744 1130 1787 Ipse
1156 1748 1262 1786 poeta
1290 1743 1451 1788 singulas

85 1808 206 1848 partes
239 1805 440 1839 carminum
473 1816 620 1838 suorum
654 1806 742 1839 scite
765 1807 918 1839 secernit
953 1809 988 1838 et
1009 1805 1190 1849 significat
1212 1802 1331 1847 ὕμνου
1356 1817 1450 1849 προ-

84 1863 236 1908 κώμιον,
261 1868 480 1912 προοίμιον,
512 1865 660 1911 κρηπῖδ’
696 1863 853 1907 οἷοιδᾶν;
885 1867 967 1900 vide
1000 1866 1237 1900 IVelckeri
1281 1866 1452 1911 egregias

84 1926 354 1961 observationes
377 1928 471 1961 Mus.
505 1929 624 1962 Rhen.
652 1928 753 1962 1833.
780 1941 815 1972 p.
840 1928 909 1962 364
931 1940 1004 1971 seq.
1038 1933 1072 1961 et
1095 1939 1187 1970 quae
1211 1928 1282 1960 Ed.
1309 1929 1450 1961 Muel-

83 1989 210 2022 lerus
240 1989 400 2034 disputat
428 1989 567 2024 Histor.
601 1990 785 2024 doctrinae
818 1991 907 2024 artis
946 1990 1042 2033 apud
1077 1989 1238 2022 Graecos
1272 1989 1298 2022 1.
1337 2001 1372 2032 p.
1406 1987 1449 2020 11

83 2060 182 2093 seqq.

172 2109 359 2143 Universis
388 2110 461 2144 illis
493 2110 736 2145 difficillimae
770 2110 857 2144 artis
897 2109 1039 2143 arcanis
1070 2109 1131 2153 qui
1161 2109 1295 2143 initiari
1329 2111 1450 2152 vellet,

83 2181 167 2204 eum
200 2174 346 2214 praeter
382 2171 519 2215 ingenii
554 2171 811 2215 praestantiam
847 2171 944 2205 haud
977 2172 1098 2204 levem
1130 2173 1293 2205 laborem
1328 2172 1450 2205 subire

83 2232 284 2276 oportuisse
307 2231 417 2267 facile
442 2237 496 2267 est
519 2234 566 2267 ad
589 2233 875 2278 intelligendum.
923 2232 1011 2276 Quis
1035 2233 1256 2277 ingeniosior
1280 2234 1450 2277 Pindaro,

84 2292 163 2337 quis
198 2304 221 2327 a
245 2293 315 2327 diis
338 2305 527 2328 concessae
552 2300 587 2328 et
619 2295 802 2340 ingenitae
827 2294 1060 2328 excellentiae
1084 2295 1312 2339 praedicator
1336 2295 1450 2329 diser-

83 2354 182 2389 tior?
206 2355 286 2399 quis
306 2356 457 2400 denique
482 2368 616 2399 eorum,
643 2357 703 2400 qui
727 2357 894 2391 discendo
917 2357 1104 2400 acquirere
1122 2360 1332 2390 conarentur
1357 2356 1451 2399 quod

83 2419 213 2450 natura
234 2422 413 2463 negasset,
438 2417 721 2462 despicientior‘}
766 2417 896 2462 Σοφὸς
921 2416 940 2452 ὁ
970 2415 1087 2452 πολλὰ
1112 2416 1219 2457 εἰδώς
1244 2418 1342 2464 φυᾷ·
1379 2429 1450 2460 μα-

82 2476 219 2519 θόντες
257 2478 297 2514 δὲ
326 2479 457 2526 λάβροι
489 2481 743 2526 παγγλωσσίᾳ,
774 2477 931 2526 κόρακες
962 2476 1031 2523 ὥς,
1074 2477 1239 2525 ἄκραντα
1271 2478 1451 2524 γαρύετον

83 2537 176 2580 Διὸς
204 2538 299 2586 πρὸς
330 2539 461 2587 ὄρνιχα
491 2545 619 2584 θεῖον,
643 2543 790 2588 Olymp.
814 2542 860 2584 ΙΙ,
886 2542 942 2576 86.
1006 2540 1058 2576 Τὸ
1085 2540 1125 2577 δὲ
1150 2542 1230 2588 φυᾷ
1254 2539 1450 2586 κράτιστον

84 2597 204 2636 ἅπαν·
245 2602 375 2639 πολλοὶ
404 2603 444 2639 δὲ
477 2605 671 2647 διδακταῖς
711 2603 936 2652 Ἀνθρώπων
969 2601 1122 2650 α’ρεταῑς
1144 2602 1248 2644 κλέος
1264 2601 1450 2647 ’Ὡρουσαν
