1751 2986
196 133 315 163 LXXVI

284 227 368 260 Fuit
383 229 514 267 ,autem
537 225 572 260 in
597 225 694 266 fatis,
718 227 757 258 ut
786 223 961 257 Pindarus
984 224 1158 257 miraculo
1186 224 1341 266 quodam
1364 224 1487 258 divino
1511 225 1558 258 ad

195 288 374 332 poeticam
407 290 522 320 artem
554 285 789 318 factitandam
821 288 1099 316 converteretur.
1169 284 1334 326 Constat,
1368 285 1412 318 de
1444 286 1559 329 poetis

195 349 286 391 suis,
322 348 528 381 hominibus
560 343 735 389 singulari
769 344 918 376 deorum
949 344 1077 377 favore
1110 346 1206 377 ultra
1231 346 1390 378 humana
1414 347 1559 390 evectis,

195 421 303 453 quam
336 408 521 441 mirabilia
551 405 711 439 fabulari
734 405 924 449 gestierint
955 408 1096 438 veteres
1121 405 1270 448 Graeci,
1300 407 1407 450 idque
1431 409 1492 441 vel
1515 419 1558 441 eo

195 475 377 513 tempore,
416 480 498 501 cum
529 468 605 501 iam
634 467 842 500 fabularum
879 466 1106 510 popularium
1139 467 1183 500 de
1215 468 1283 501 diis
1314 472 1348 501 et
1385 469 1560 502 heroibus

196 534 389 576 proventus
423 532 591 562 cessaret.
647 529 905 571 Plerarumque
937 531 1059 561 autem
1090 528 1192 561 istius
1228 527 1372 572 generis
1402 528 1560 562 fabella-

195 605 275 626 rum
300 592 436 624 fontem
458 590 570 624 fuisse
595 589 756 623 carmina
783 593 972 633 poetarum
996 590 1179 633 ipsorum',
1213 589 1306 623 unde
1331 590 1377 622 ab
1403 589 1560 624 homini-

195 655 263 687 bus
294 653 396 687 varie
419 652 704 695 interpretando,
735 651 961 694 exornando,
1000 651 1222 685 deflectendo
1245 651 1485 693 haurirentur,
1508 651 1562 684 in-

196 716 337 749 terdum
362 716 422 748 vel
446 725 527 746 cum
551 723 692 745 summa
717 712 917 756 affingendi
942 713 1098 755 licentia,
1131 713 1243 747 facile
1267 714 1381 746 semel
1405 713 1562 746 monitus

197 774 421 809 observabis.
476 775 582 817 Quod
615 774 783 808 dicebam
814 774 1031 808 miraculum
1059 786 1129 808 non
1159 785 1229 807 uno
1253 774 1360 807 modo
1392 776 1564 808 exornant

197 841 348 871 veteres.
395 836 503 870 Teste
527 835 719 869 Eustathio
741 834 797 867 27.
824 847 858 878 p.
884 835 938 868 19.
968 837 1213 870 Chamaeleon
1243 839 1279 870 et
1296 836 1385 869 Ister
1408 835 1443 868 in
1466 836 1563 868 huno

197 899 345 931 modum
369 900 629 938 narraverunt,
663 893 712 936 τός
744 895 828 941 περὶ
851 895 1044 936 Ἑλικῶνος
1073 898 1318 943 θηρῶντοςὸ)
1350 893 1469 931 αὐτοῦ
1499 896 1563 931 καὶ

197 958 350 1003 καμάτῳ
376 957 664 1002 κατενεχθέντος
695 957 747 997 εἰς
768 954 889 992 ὕπνον
918 956 1069 1002 μέλισσα
1100 959 1150 1005 τῷ
1175 957 1331 1002 στόματι
1354 958 1563 1004 προςκαθί-

198 1032 294 1056 σασα
317 1020 428 1065 κηρία
452 1018 614 1054 ἐνέθετο.
665 1019 712 1055 Οἱ
738 1018 778 1054 δὲ
803 1016 895 1065 ὄναρ
921 1019 1036 1064 φασὶν
1060 1020 1153 1055 ἰδεῖν
1178 1018 1312 1064 αὐτὸν,
1346 1018 1397 1059 αἷς
1419 1019 1565 1064 μέλιτος

198 1083 262 1118 καὶ
284 1082 402 1127 κηροῦ
423 1082 559 1126 πλῆρες
582 1078 685 1127 αῦτῷ
703 1080 848 1125 γεγόνοι
872 1082 913 1116 τό
939 1080 1068 1125 στόμα.
1095 1081 1271 1115 Similiter
1288 1083 1485 1116 Pausanias
1499 1083 1563 1124 lx,

197 1144 254 1187 23,
277 1144 318 1177 2:
355 1143 546 1188 Πίνδαρον
575 1142 724 1188 ἠλικίαν
759 1141 851 1178 ὄντα
880 1144 1073 1178 νεανίσκον
1104 1143 1169 1178 καὶ
1199 1142 1308 1178 ἰόντα
1341 1142 1377 1184 ἐς
1401 1143 1565 1185 Θεσπιὰς

197 1206 338 1252 θέρους
363 1203 443 1251 ὥρα
476 1201 666 1249 καύματος
688 1204 774 1250 περὶ
808 1205 992 1249 μεσοῦσαν
1015 1203 1174 1249 μάλιστα
1197 1204 1338 1251 ἡμέραν
1361 1205 1477 1246 κόπος
1500 1205 1565 1242 καὶ

198 1267 317 1308 ὕπνος
340 1265 404 1303 ’ὑπ’
423 1265 542 1301 αὐτοῦ
565 1266 858 1313 κατελάμβανεν·
885 1265 904 1301 ὁ
929 1266 995 1310 μὲν
1019 1266 1079 1310 δή,
1105 1266 1155 1308 (ἇς
1175 1265 1283 1312 εἶχεν,
1307 1268 1566 1303 κατακλίνεται

198 1328 315 1376 βραχὺ
347 1328 442 1374 ’ὑπὲρ
473 1329 540 1372 τῆς
573 1327 686 1363 ὁδοῦ·
720 1328 888 1372 μέλισσαι
920 1327 960 1363 δὲ
992 1327 1095 1375 αὐτῷ
1124 1327 1353 1364 καθεύδοντι
1383 1329 1565 1375 προςεπὲ-

200 1390 308 1426 τοντό
333 1404 372 1426 τε
402 1390 464 1424 καὶ
488 1389 669 1425 ἔπλασσον
691 1389 786 1437 πρὸς
809 1389 856 1424 τὰ
881 1391 979 1435 χείλη
1004 1392 1073 1425 τοῦ
1096 1394 1230 1437 κηροῦ·
1264 1388 1357 1436 ἀρχὴ
1382 1390 1448 1436 μὲν
1472 1393 1565 1427 Πιν-

200 1452 302 1499 δάρῳ
327 1455 447 1487 ποιεῖν
473 1449 620 1498 ᾄσματα
645 1450 785 1494 ἐγένετο
811 1451 979 1496 τοιαύτη.
1020 1453 1122 1487 Adde
1147 1457 1292 1497 praeter
1308 1453 1451 1486 Vratisl.
1476 1465 1511 1497 p.
1528 1453 1562 1487 9.

200 1516 306 1549 Metr.
337 1527 373 1549 v.
398 1514 421 1548 6
444 1525 518 1557 seq.
574 1514 712 1547 Aelian.
745 1515 784 1548 V.
814 1516 862 1548 11.
897 1515 983 1555 XII,
1007 1513 1064 1548 45.
1118 1515 1295 1558 Antipatri
1325 1515 1566 1559 Epigramma

199 1577 306 1610 Anth.
332 1577 432 1610 Plan.
464 1588 499 1619 p.
522 1575 602 1609 718.
635 1588 686 1609 nr.
712 1575 792 1609 305.
825 1576 989 1619 Iacobs.‚
1022 1576 1117 1620 quod
1141 1578 1364 1612 emendatius
1385 1577 1437 1611 sic
1461 1577 1564 1612 exhi-

200 1639 263 1673 bet
284 1636 496 1671 Eustathius
520 1636 577 1669 27.
603 1649 637 1680 p.
664 1636 726 1670 18:

293 1700 482 1744 Νεβρείων
507 1697 650 1734 ὁπόσον
673 1697 828 1743 σάλπιγξ
849 1698 1046 1746 ῦπερίαχεν
1070 1697 1205 1743 αὐλῶν,

386 1759 530 1795 Τόσσον
552 1759 646 1806 ’ὑπὲρ
671 1759 793 1802 πάσας
817 1760 944 1808 ἔκραγε
968 1765 1044 1797 σεῖο
1069 1762 1186 1807 χέλυς.

294 1821 392 1858 Ου’δὲ
416 1821 537 1867 μάτην
562 1821 720 1864 ἁπαλοῖς
742 1824 827 1869 περὶ
851 1825 1007 1868 χείλεσιν
1032 1822 1141 1867 ἑσμὸς
1164 1823 1300 1865 ἐκεῖνος

374 1883 534 1919 ”Eremos
560 1884 780 1930 κηρόδετον,
806 1886 988 1932 Πίνδαρε,
1015 1889 1091 1920 σεῖο
1116 1885 1207 1930 μέλι.

291 1945 450 1993 ΒΙοὶρτυς
474 1944 493 1981 ὁ
519 1946 731 1988 ΛΙαινάλιος
754 1946 897 1994 κερόεις
924 1947 1014 1988 θεὸς
1037 1945 1155 1992 ὕμνον
1179 1945 1307 1988 ἀείσας

387 2007 462 2043 Τὸν
488 2006 548 2042 σέο
574 2008 636 2043 καὶ
659 2010 799 2053 νομίων
822 2008 1024 2053 λησοὲμενος
1048 2007 1228 2043 δονάκων.

290 2071 414 2114 Neque
437 2083 526 2105 vero
549 2071 690 2105 silentio
717 2072 978 2115 praetereunda
1001 2071 1149 2105 tabulae
1172 2070 1291 2114 pictae
1305 2070 1566 2115 Neapolitanae

202 2134 488 2179 ingeniosissime
521 2134 716 2166 adornatae
749 2132 943 2174 memoria,
979 2142 1071 2175 quae
1103 2134 1156 2165 est
1187 2132 1283 2175 apud
1307 2134 1566 2168 Philostratmu

201 2195 388 2229 Seniorem
412 2195 554 2239 Imagg.
582 2195 632 2236 ΙΙ,
657 2194 712 2227 12.
739 2206 774 2237 p.
798 2193 855 2227 71.
881 2194 1023 2227 Iacobs.
1070 2193 1246 2227 Exhibuit
1269 2195 1385 2237 pictor
1410 2207 1496 2239 apes
1519 2196 1566 2230 ad

201 2257 310 2290 aedes
342 2256 538 2299 Daiphanti
572 2257 803 2289 convolantes
836 2255 945 2288 modo
977 2257 1099 2287 natum
1132 2254 1346 2289 infantulum
1374 2257 1410 2290 in
1440 2268 1566 2291 sacrae

202 2317 295 2351 lauri
325 2318 504 2360 myrtique
534 2317 722 2350 frondibus
747 2317 944 2360 repositum
967 2317 1076 2350 melle
1099 2327 1162 2349 suo
1187 2317 1400 2350 nutrituras:
1433 2315 1476 2352 τὸ
1499 2317 1568 2362 μὲν

201 2378 272 2424 γὰρ
296 2379 448 2413 παιδίον
473 2377 509 2418 ἐς
533 2378 683 2422 δάφνην
709 2376 906 2412 ἀπόκειται
928 2377 991 2411 καὶ
1006 2377 1156 2416 ’κλῶνας
1179 2377 1368 2423 μυῤῥίνης,
1404 2379 1566 2424 ξυμβαλ-

202 2439 358 2486 λομένου
382 2440 450 2474 τοῦ
472 2440 612 2486 πατρὸς
638 2440 741 2486 ἱεροῦ
764 2437 961 2481 τεύξεσθαι
993 2439 1063 2472 τοῦ
1085 2437 1233 2483 παιδός,
1257 2435 1322 2483 ἀφ’
1349 2434 1401 2474 ὧν
1423 2438 1567 2485 κύμβα-

229 2574 266 2618 ⁸)
290 2573 511 2619 θεριοῦντος
534 2573 618 2605 lusit
642 2574 684 2605 R.
712 2575 925 2615 Ungerus
956 2570 1070 2604 Theb.
1096 2571 1219 2604 Purad.
1244 2573 1271 2605 1.
1305 2586 1339 2618 p.
1370 2573 1444 2607 190.
1491 2574 1566 2606 Re-

294 2620 390 2664 liqua
414 2620 469 2653 vix
496 2619 586 2652 serio
612 2618 762 2663 scripsit.
813 2617 898 2650 Tam
924 2623 1005 2650 suut
1028 2617 1223 2660 nugatoria.
