1751 2986
241 115 386 144 Lxxxw

242 208 422 252 quaedam
446 207 598 241 fortasse
623 207 730 239 ducta
755 204 974 238 carminibus
997 203 1206 247 inspersisse
1234 203 1354 249 arguit
1376 203 1606 237 Thronorum

241 270 287 303 fr.
311 269 344 303 8.
379 270 414 302 in
437 268 593 302 Atticum
624 265 828 307 hominem,
862 268 903 299 ut
933 268 1209 299 consentaneum
1233 267 1287 298 est
1311 265 1479 304 credere,
1516 263 1604 297 scri-

242 335 354 375 ptum.

335 393 438 424 Ilaec
470 391 515 422 de
539 388 833 432 praeceptoribus
857 391 891 422 et
915 388 1102 433 disciplina
1124 386 1273 422 Pindari
1304 386 1456 420 dicenda
1477 386 1606 421 habui.

241 453 344 488 Nunc
380 451 506 495 paucis
538 452 823 493 complectamur
855 450 973 493 poesis
1004 451 1217 484 Pindaricae
1251 447 1353 482 initia
1385 450 1490 491 atque
1522 458 1607 491 pro-

242 525 399 560 gressus,
447 513 494 545 Et
518 513 693 556 hymnum
719 511 862 553 quidem
886 510 989 543 illum
1014 512 1059 544 ob
1084 512 1295 555 mythorum
1318 509 1562 553 profusionem
1586 519 1608 542 a

243 576 399 610 Corinna
431 577 592 607 notatum
625 572 854 617 grammatici
891 575 1061 615 tanquam
1086 572 1241 616 primum
1265 570 1451 614 praecocis
1474 569 1610 615 ingenii

241 639 356 671 fetum
390 647 523 680 agmen
554 636 772 679 hymnorum
813 632 1033 666 collectIOnis
1065 633 1197 666 ducere
1219 633 1406 665 iusserant.
1459 632 1514 664 Ex
1545 631 1609 665 illo

242 698 531 742 antiquissimum
563 708 707 729 carmen
739 698 792 728 est
814 695 922 738 Pyth.
948 695 991 727 Χ.
1030 693 1173 738 Olymp.
1202 694 1341 736 LXIX,
1364 694 1396 728 3.
1435 705 1457 728 a
1480 693 1610 738 viginti

242 771 417 795 annorum
451 759 676 791 adolescente
699 756 928 798 Hippocleae
952 756 1198 789 l’elinnaeensi
1222 756 1341 790 diaulo
1365 756 1457 790 inter
1479 765 1610 800 pueros

241 822 383 867 Pythiis
407 821 502 855 ludis
526 818 655 853 victori
680 817 871 861 scriptum,
907 816 940 849 in
967 828 1035 860 quo
1059 819 1238 860 quaedam
1262 821 1383 852 tamen
1407 819 1610 852 exuberan-

241 884 287 918 tis
317 883 444 927 copiae
478 881 633 925 vestigia
672 879 830 912 residere
868 878 944 921 ipse
977 879 1250 912 Boeckhius
1286 880 1459 914 concessit
1489 880 1610 923 Expll.

242 958 277 989 p.
302 944 380 978 330.
437 943 608 986 Sequitur
640 951 785 973 carmen
810 939 918 984 Pyth.
942 940 1021 982 Vl„
1054 941 1148 983 quod
1179 952 1289 974 annos
1314 942 1473 976 XXVIII.
1508 943 1611 974 natus

243 1006 436 1040 Xenocrati
467 1002 704 1049 Agrigentino
746 1012 810 1044 per
849 1001 968 1034 filium
1011 1002 1283 1047 Thrasybulum
1328 1015 1435 1037 curru
1469 1001 1612 1048 Pythiis

242 1067 372 1101 victori
405 1065 546 1109 scripsit
569 1064 714 1108 Olymp.
740 1063 869 1105 LXXI,
893 1063 926 1096 3.
976 1063 1130 1097 Omnino
1154 1076 1197 1097 ex
1222 1065 1353 1098 tabulis
1378 1063 1612 1108 chronologi-

243 1127 294 1161 cis
328 1125 562 1160 Boeckhii
592 1124 821 1169 intelligitur,
854 1124 974 1167 priora
1015 1125 1176 1159 carmina
1207 1126 1361 1170 epinicia
1396 1127 1612 1171 Pythiorum

242 1188 457 1222 solemnium
498 1186 699 1220 victoribus
729 1187 894 1219 dedicata
937 1185 1067 1227 fuisse,
1108 1188 1200 1220 unde
1234 1189 1405 1221 observes
1442 1187 1612 1230 Delphici

242 1250 369 1293 templi
393 1248 632 1292 Delphicique
654 1248 832 1291 Apollinis
855 1258 958 1280 sacra
973 1248 1159 1281 Thebanis
1183 1248 1303 1282 vicina
1325 1249 1359 1282 in
1385 1247 1613 1282 excitandam

243 1311 611 1352 conformandamque
661 1308 809 1341 Pindari
858 1309 1071 1342 facultatem
1111 1310 1293 1352 poeticam
1341 1310 1500 1353 aliquam
1537 1310 1614 1344 vim

243 1372 458 1407 exercuisse.
516 1372 632 1403 Immo
664 1381 752 1403 vero
791 1381 835 1403 ex
859 1370 1005 1413 antiqua
1027 1371 1255 1414 Delphorum
1289 1371 1413 1416 lingua
1436 1371 1614 1405 Pindarus

243 1434 382 1478 pariter
406 1436 513 1476 atque
537 1433 717 1465 Hesiodus
741 1432 916 1475 quasdam
941 1432 1087 1465 dialecti
1117 1433 1355 1476 proprietates
1379 1432 1614 1477 assumpsisse

244 1495 407 1536 videtur3
446 1507 481 1527 v.
508 1495 693 1527 Ahrens
718 1494 762 1527 de
787 1493 881 1527 Dial.
908 1493 992 1525 Dor.
1020 1505 1055 1536 p.
1081 1493 1159 1526 357.
1208 1495 1386 1538 Delphico
1412 1495 1480 1529 deo
1505 1506 1613 1538 quam

245 1558 453 1591 coniunctus
476 1568 541 1599 per
566 1567 709 1589 omnem
732 1555 845 1589 vitam
869 1556 1061 1597 manserit,
1086 1555 1183 1589 infra
1207 1555 1428 1599 scripsimus

335 1619 428 1653 Vixit
452 1618 628 1651 Pindarus
653 1628 698 1650 ea
723 1620 858 1658 aetate,
897 1628 990 1660 quae
1017 1620 1055 1651 ut
1080 1618 1126 1651 ab
1161 1618 1255 1662 epici
1281 1618 1449 1652 carminis
1472 1617 1615 1662 simpli-

246 1681 352 1714 citate
385 1679 559 1723 paulatim
595 1679 849 1720 dcsuescebat‚
882 1678 932 1712 ita
966 1689 987 1712 a
1024 1679 1202 1724 religione
1242 1680 1394 1713 deorum
1426 1679 1616 1723 haudqua-

247 1752 354 1786 quam
388 1742 684 1785 degeneraverat.
738 1741 812 1774 Nec
836 1744 978 1774 veteres
1007 1744 1136 1784 poetae
1159 1740 1274 1785 ‘lyrici
1306 1753 1349 1775 ex
1382 1742 1617 1785 despicientia

247 1803 395 1835 deorum
424 1802 713 1846 religionumque
742 1802 992 1846 profanatione
1026 1802 1095 1835 sibi
1116 1803 1262 1836 laudem
1293 1814 1502 1837 accrescere
1536 1804 1616 1848 opi-

246 1864 436 1897 nabantur.
466 1864 582 1896 Immo
606 1868 646 1897 ut
669 1865 817 1907 quisque
834 1865 920 1897 deos
941 1862 1100 1896 maxime
1125 1865 1260 1897 coleret
1285 1865 1503 1908 vetustisque
1526 1876 1617 1909 gen-

246 1925 291 1958 tis
315 1936 400 1958 suae
424 1925 595 1957 heroibus
620 1925 813 1967 praeconia
837 1935 902 1956 sua
927 1925 1085 1965 dederet,
1112 1924 1163 1957 ita
1187 1925 1424 1968 popularibus
1447 1925 1521 1959 suis
1539 1929 1617 1960 erat

248 1986 527 2030 acceptissimus.
582 1986 637 2020 Ea
668 1997 769 2019 mens
792 1985 961 2026 Pindari,
996 1988 1036 2018 ut
1068 1996 1160 2029 quae
1198 1986 1242 2019 de
1274 1987 1341 2021 diis
1371 1988 1616 2031 heroibusque

248 2049 396 2082 fabulae
414 2047 603 2081 hominum
621 2048 757 2081 ferrent
774 2059 853 2080 cum
879 2048 952 2080 fide
976 2046 1186 2091 susciperet,
1210 2047 1279 2081 nisi
1299 2049 1393 2091 quod
1419 2059 1465 2082 ea
1489 2051 1616 2092 procul

249 2122 327 2143 esse
352 2110 488 2150 voluit,
523 2120 616 2152 quae
640 2111 790 2143 deorum
813 2109 993 2144 sanctitati
1017 2120 1145 2153 parum
1179 2110 1371 2144 convenire
1394 2111 1615 2145 viderentur.

249 2173 331 2216 Ipse
354 2172 560 2215 profitetur:
589 2169 663 2205 ἐστὶ
684 2166 716 2204 δ’
741 2168 849 2215 cimici
879 2170 1004 2215 φάμεν
1027 2171 1148 2211 ἐοικός
1174 2169 1271 2215 ἀμφὶ
1295 2169 1485 2215 δαιμόνων
1508 2170 1615 2207 καλά.

250 2234 478 2277 Quapropter
507 2243 550 2265 ea
575 2232 802 2276 potissimum
832 2245 875 2266 ex
909 2234 1047 2278 mythis
1081 2233 1279 2276 delibavit,
1311 2244 1404 2277 quae
1438 2235 1616 2268 moralem

250 2306 354 2328 usum
376 2294 546 2327 habitura
578 2297 705 2327 essent.
759 2294 882 2338 Neque
906 2295 970 2329 illa
996 2296 1039 2329 de
1072 2296 1222 2330 deorum
1255 2296 1445 2329 sanctitate
1468 2307 1617 2339 persua-

250 2355 304 2389 sio
330 2356 375 2388 ad
397 2354 670 2389 ostentationem
695 2358 889 2399 assumpta,
911 2356 1205 2390 sedvmedullitus
1227 2356 1333 2390 insita
1356 2356 1425 2390 fuit
1449 2367 1471 2391 a
1490 2368 1616 2400 puero,

252 2429 359 2461 quem
384 2417 527 2460 quidem
558 2418 618 2450 vel
648 2419 853 2450 nascentem
875 2417 1032 2461 benigne
1062 2417 1278 2461 respexisset
1299 2417 1449 2461 Apollo,
1488 2429 1615 2453 recens

252 2483 395 2521 natum,
425 2482 462 2512 ut
485 2478 614 2511 eximie
638 2478 744 2522 fingit
767 2477 882 2521 pictor
905 2479 1003 2522 apud
1026 2478 1198 2513 Philostr.
1224 2479 1362 2514 Senior.
1395 2479 1539 2525 Imagg.
1566 2481 1612 2524 ΙΙ,

253 2540 332 2581 12.‚
370 2540 507 2585 Magna
538 2540 657 2573 Mater
688 2539 887 2573 honorifice
921 2541 1110 2574 salutasset
1144 2543 1180 2575 et
1208 2541 1284 2575 Pan
1317 2552 1400 2574 cum
1430 2540 1611 2585 Nymphis

253 2602 404 2635 choreas
437 2600 599 2634 ducendo
629 2600 890 2634 honoravisset.
938 2601 1114 2636 Nimirum
1147 2602 1192 2636 iis
1223 2603 1426 2639 numinibus
1456 2615 1495 2638 se
1528 2614 1616 2648 prae

254 2663 383 2698 ceteris
405 2663 589 2698 addictum
612 2661 723 2697 fuisse
750 2662 800 2697 ait
822 2662 898 2706 ipse
922 2663 1030 2708 Pyth.
1055 2665 1120 2706 111,
1145 2663 1208 2698 77:
