1794 2982
368 116 447 156 166
768 117 1243 159 ΠΤΘΙΟΝΙΚΑΙ
1276 116 1371 160 ΙΛ’.

689 280 707 288 η
1533 225 1638 274 'Ama
1674 227 1730 290 γ’.

489 286 555 334 ”H
582 285 634 349 ῥ’,
670 289 705 334 ὠ
739 289 881 351 φίλοι,
914 289 1008 337 κατ’
1035 289 1369 353 ἄμευσιπόρους
1398 292 1606 355 τριόδους
1640 295 1729 342 ἐδι-

1047 357 1212 421 νάθην,

499 418 644 482 ὀρθὰν
663 422 925 470 κέλευθον’
909 443 991 472 ιων
1022 426 1200 486 τοπρίν·
1236 422 1269 488 ἤ
1290 425 1342 486 μέ
1365 443 1431 484 τις
1464 425 1622 488 α’νεμος
1653 425 1731 483 ε’ξω

1036 492 1184 539 πλόου
1688 504 1732 537 60

400 556 465 602 40
499 554 670 615 ἔβαλεν,
705 576 765 614 ως
799 555 860 604 ὅτ’
894 556 1058 606 ἄκατον
1091 558 1297 606 εἰναλίαν.

457 683 459 685 ¹
501 626 678 681 Μοῖσα,
714 623 764 671 τὸ
789 627 835 672 δὲ
854 625 973 684 τεόν,
1010 628 1047 673 εἰ
1080 630 1229 691 μισθῷ
1261 629 1497 675 συνετίθει)
1529 627 1737 689 παρέχειν

501 689 657 751 φωνάν
690 690 975 755 υπάργυρον,
1012 692 1156 741 ἄλλοτ’
1190 693 1302 759 ἄλλᾳ
1337 695 1608 757 ταρασσέιιεν
1691 706 1735 739 65

501 832 535 898 ἢ
567 838 699 898 πατρὶ
737 840 988 886 Πυθονίκω
1554 839 1646 888 Ἐπ’.
1683 840 1734 902 γ’.

502 901 556 948 τό
590 904 639 966 γέ
671 923 755 952 νυν
789 903 821 969 η’
862 907 1158 973 ΘρασυδαιΤι·]

399 970 463 1021 45
499 974 585 1017 τῶν
619 969 882 1034 ευφροσύνα
917 993 960 1021 τε
996 976 1070 1020 καὶ
1103 956 1199 1030 δόξ’
1232 973 1464 1036 ἐπιφλέγει.

502 1036 554 1083 τὰ
590 1057 667 1098 μεν
702 1041 747 1086 ἐν
783 1038 945 1101 α’ριιασι
980 1043 1221 1088 καλλίνικοι
1257 1041 1393 1088 παλαι
1695 1049 1738 1082 70

501 1102 745 1166 Ὀλυμπίαν
780 1106 962 1169 ἀγώνων
994 1109 1269 1170 πολυφάτων

501 1171 631 1233 ἔσχον
664 1172 782 1249 θοᾷν
816 1173 967 1222 α’κτῖνα
1003 1174 1091 1223 σὺν
1126 1178 1303 1234 ἵπποις·

415 1315 446 1335 v.
479 1303 534 1336 38.
568 1297 593 1348 ἧ
626 1302 657 1351 ῥ’
689 1314 722 1339 et
751 1307 1006 1364 οἱμευσίπορον
1038 1308 1188 1352 τρίοδον
1222 1327 1266 1334 -
1307 1322 1338 1341 v.
1371 1310 1426 1342 41.
1469 1306 1628 1343 συνέθευ
1664 1320 1738 1343 πα-

368 1347 496 1393 ρέχειν.
525 1370 566 1375 --
593 1363 624 1383 v.
651 1352 706 1386 4.
745 1350 836 1388 ἄλλα
865 1353 932 1400 χρὴ
967 1353 1205 1411 ταρασσέμεν.
1230 1374 1276 1381 —
1301 1367 1332 1387 v.
1357 1356 1412 1387 43.
1450 1355 1670 1400 Πυθιονίκῳ
1693 1373 1738 1380 ·—

368 1407 399 1428 v.
425 1395 481 1428 47.
506 1391 690 1443 Ὀλυμπίᾳ
714 1396 744 1432 τ’
771 1419 812 1424 -
840 1412 871 1433 ν.
897 1400 951 1433 48.
978 1412 1060 1444 εχον

460 1525 494 1547 v.
519 1514 574 1548 38.
628 1515 838 1560 [vulgatum
863 1509 887 1559 ἦ
906 1513 936 1571 ῥ’
959 1516 1114 1550 mutavit
1137 1515 1355 1556 Boeokhius,
1381 1516 1463 1548 coll.
1487 1515 1595 1560 Pyth.
1606 1516 1669 1555 lx,
1679 1515 1737 1549 38.

370 1558 491 1601 SCH.]
542 1560 665 1593 Lectio
707 1564 759 1593 est
798 1560 879 1595 κατ’
909 1559 1159 1615 ἅμευσίπορον
1190 1562 1361 1606 τρίοδον,
1404 1564 1526 1593 contra
1569 1565 1738 1595 metrum.

369 1604 471 1637 Unde
487 1605 692 1638 Boeckhius
716 1604 796 1639 κατ’
812 1604 1073 1651 α’μευσιπόρων
1097 1605 1258 1661 τριόδων
1280 1606 1410 1649 posuit
1432 1617 1540 1648 quum
1561 1606 1740 1639 Pindarus

371 1650 403 1683 O
427 1650 602 1683 scriberet
626 1662 689 1694 pro
716 1663 734 1684 ο
762 1655 796 1685 ct
821 1665 860 1685 ω
909 1654 1137 1685 Hermannus
1159 1650 1237 1686 κατ’
1262 1651 1536 1693 ἀμευσιπόρους
1566 1650 1740 1696 τριόδους

369 1694 598 1729 scribendum
629 1696 780 1739 ἰιιᾱίιιιι,
812 1699 926 1732 veluti
951 1699 1075 1730 Hom.
1101 1698 1166 1731 od
1193 1697 1358 1739 1x‚153.
1398 1696 1527 1729 (licitur
1552 1697 1740 1731 δινεῖσθαι

370 1739 465 1773 κατὰ
498 1742 620 1781 ιῆσον.
679 1743 847 1776 Ceteium
880 1743 1034 1776 ostendit
1065 1743 1272 1776 Boeckliius
1307 1742 1341 1775 in
1375 1741 1469 1775 Nott.
1504 1741 1596 1775 critt.
1634 1746 1669 1775 et
1703 1742 1738 1775 in

369 1785 680 1828 Explicationibus
713 1788 759 1820 ad
791 1789 828 1821 h.
854 1790 878 1822 l.
912 1789 1045 1832 plurali
1075 1789 1217 1832 τρίοδοι
1251 1788 1411 1821 Graecos
1435 1786 1545 1820 etiam
1578 1798 1642 1830 pro
1666 1787 1740 1820 sin-

370 1832 492 1884 gulari
518 1843 609 1864 usos.
660 1833 757 1877 [Ego
783 1845 865 1866 cum
881 1835 1090 1867 Hermanno
1116 1835 1139 1868 l.
1159 1846 1189 1866 c.
1213 1846 1249 1877 p.
1265 1832 1343 1866 170.
1366 1831 1613 1866 accusativum
1634 1843 1742 1875 prae-

370 1876 447 1917 tuli,
472 1876 628 1910 sermoni
653 1879 991 1912 convenientiorem.
1040 1881 1239 1913 Δινεῒσθαι
1262 1876 1357 1911 κατά
1381 1891 1417 1911 τι
1443 1881 1501 1910 est*
1519 1876 1629 1910 etiam
1648 1878 1689 1911 11.
1699 1879 1740 1920 P,

368 1920 447 1955 680.
476 1922 532 1955 Cf.
549 1923 774 1956 Boeckhium
794 1925 837 1957 de
855 1924 947 1958 Ciisi
971 1927 1001 1965 ᾗ.
1019 1924 1120 1968 20.p
1126 1925 1206 1958 .53.
1233 1925 1401 1957 Ceterum
1424 1922 1675 1966 singularem
1665 1933 1741 1956 iam

370 1967 505 2010 antiqui
531 1968 763 2013 grammatici
787 1970 832 2002 ob
858 1971 978 2003 oculos
1003 1970 1225 2003 habuerunt:
1252 1969 1602 2002 Eustatl1.1³rooem.
1622 1967 1738 2010 p.10:

368 2011 711 2057 Ἀμευσίπορον
744 2016 966 2060 τρίοδον,
997 2012 1086 2049 καθ’
1109 2011 1158 2059 ἣν
1181 2012 1373 2059 ἀμείβεται
1395 2013 1539 2057 πορεία.
1587 2013 1710 2056 SCH.]

461 2068 496 2091 v.
520 2058 576 2092 41.
624 2060 741 2104 Vulgo
766 2061 802 2095 εἰ
821 2062 945 2106 μισθῷ
970 2059 1142 2102 συνέθευ,
1160 2061 1346 2094 laborante
1370 2062 1497 2092 metro.
1533 2058 1742 2092 Boeckhius

370 2103 533 2146 reposuit
559 2104 592 2138 εἰ
613 2107 739 2151 μισθῷ
762 2108 969 2142 συνετίθευ.
1029 2108 1259 2140 normannus
1290 2116 1379 2149 prae
1404 2103 1569 2137 omnibus
1594 2103 1742 2148 Minga-

369 2149 451 2182 relli
471 2149 714 2184 coniecturam
739 2152 881 2186 laudat.
908 2153 944 2187 εἰ
964 2153 1088 2209 μισθῷ
1113 2164 1152 2195 γε
1178 2151 1350 2190 συνέθευ,
1375 2161 1466 2193 quae
1491 2149 1583 2182 mihi
1601 2160 1741 2192 quoque

370 2194 529 2228 maxime
563 2198 693 2239 placet.
750 2198 836 2231 Mox
861 2211 895 2231 v
919 2197 975 2231 42.
1002 2190 1124 2233 ἄλλοτ’
1149 2195 1241 2253 ἄλλᾳ
1276 2195 1418 2239 scripsit
1442 2194 1650 2228 Bocckhius
1674 2204 1741 2237 pro

371 2236 492 2273 ἄλλοτ’
520 2239 632 2281 ἄλλα,
671 2246 704 2275 et
741 2255 821 2276 cum
846 2244 928 2277 aliis
952 2244 1058 2278 eiecit
1089 2256 1157 2289 χρη
1186 2248 1265 2277 ante
1298 2240 1524 2286 ταρασσέμεν
1548 2249 1741 2283 perperam

370 2285 556 2318 intrusum.
612 2268 773 2329 1⁹)enique
808 2301 842 2322 v.
866 2288 922 2323 43.
974 2292 1178 2334 Πυθονίκῳ
1202 2287 1356 2322 restituit
1379 2287 1423 2319 de
1447 2285 1621 2319 sententia
1645 2284 1742 2316 Her-

370 2331 492 2363 manni
525 2343 589 2374 pro
623 2333 777 2366 lectione
803 2336 951 2386 vulgari
978 2336 1215 2376 Πυθιονίκω,
1247 2344 1338 2377 quae
1363 2335 1486 2364 contra
1509 2333 1664 2362 metrum
1689 2332 1742 2362 cst

372 2379 407 2409 et
438 2387 460 2409 a
495 2377 649 2410 dialecto
681 2378 780 2410 Ρίηιί
774 2379 873 2412 trica
906 2382 1101 2421 abhorret,
1135 2391 1245 2424 quum
1278 2377 1435 2410 Pindaro
1423 2374 1672 2453 ngnmvus
1676 2385 1742 2418 per

372 2433 441 2462 ου,
477 2433 546 2454 non
580 2434 644 2465 per
677 2436 705 2456 ω
730 2423 918 2457 formetur.
978 2426 1225 2468 [Hermannus
1256 2424 1278 2455 l.
1308 2434 1336 2454 c.
1537 2419 1742 2465 παρξχὲμδν

372 2447 531 2501 συνέθευ
558 2468 687 2510 posuit.
736 2469 848 2502 Paulo
868 2473 962 2524 post
985 2469 1052 2515 χρή
1078 2481 1148 2503 non
1182 2467 1313 2502 habuit
1335 2420 1565 2508 Scholiasta,
1602 2465 1661 2508 qui
1686 2465 1742 2498 in—

373 2512 553 2546 finitivum
591 2513 818 2557 ταρασσέμεν
853 2513 937 2548 ἀντι
976 2516 1043 2549 τοῦ
1075 2525 1234 2561 ταρασσε
1271 2511 1332 2546 καὶ
1366 2511 1549 2556 μετάφερε
1583 2510 1740 2564 positum

373 2558 480 2592 dicat.
527 2558 667 2592 Ibidem
693 2559 897 2605 Πυθονίκῳ
925 2560 1121 2593 formatum
1145 2564 1183 2593 ut
1208 2557 1490 2601 Πυθόχρηστος,
1514 2554 1741 2613 Πυθόκραν-

373 2616 456 2644 τος;
491 2604 609 2648 ipsum
637 2603 852 2644 Πυθόνικος
878 2609 930 2638 est
953 2606 1124 2639 Andocid.
1153 2607 1196 2638 de
1220 2605 1370 2648 Myster.
1396 2615 1430 2647 p.
1455 2602 1510 2645 6.‚
1544 2600 1741 2644 Πυθονίκη

373 2628 478 2727 ΒίΓέΓῙΊ.
498 2650 570 2684 Sic.
586 2650 694 2692 XV,11
712 2649 789 2685 108.
815 2650 899 2684 etin
924 2651 1050 2687 Inscrr
1065 2664 1074 2693 3
1102 2651 1184 2686 vide
1202 2649 1427 2684 Boeckhium
1452 2648 1497 2682 de
1514 2647 1608 2682 Crisi
1631 2649 1663 2690 §-
1683 2644 1741 2680 28.

374 2706 408 2738 p.
481 2719 487 2727 .
537 2695 660 2740 SCH.]
