1794 2982
554 149 914 190 EXCURSUS
953 149 981 189 Ι.
1371 147 1453 187 335

89 255 311 301 pugilatum,
335 253 392 288 01.
416 253 472 287 25.
498 265 623 287 currus
648 265 840 297 equorum,
875 255 945 287 hoc
970 254 1001 287 si
1025 253 1074 287 ita
1099 253 1301 298 intelligas,
1326 252 1451 296 primis

89 316 335 361 septendecim
366 315 642 360 Olympiadibus
666 316 802 350 nonnisi
829 327 934 349 cursu
962 316 1118 349 virorum
1145 319 1341 355 certatum,
1372 325 1450 348 ma—

88 378 218 412 nifesto
253 378 412 420 ineptum
446 381 518 417 est,
553 389 661 420 quum
697 377 768 410 iam
800 378 894 420 apud
928 379 1129 410 Homerum
1163 381 1281 408 cetera
1314 386 1452 418 quoque

90 449 228 485 genera
251 439 458 478 videamus,
495 448 515 470 a
541 438 687 480 Pelopis
720 443 839 472 autem
875 438 1087 471 funebribus
1120 438 1213 470 ludis
1250 437 1330 479 equi
1356 441 1452 470 certe

88 501 149 534 vix
185 511 341 543 unquam
375 498 567 531 abfuerint.
636 500 712 548 lmo
746 511 788 532 ex
830 511 896 542 quo
933 504 1095 542 tempore
1130 503 1227 532 certa
1259 498 1384 531 notitia
1416 498 1451 531 in

88 561 241 604 στήλαις
273 560 470 592 haberetur
501 560 702 593 certaminis
733 560 884 593 alicuius
923 560 1125 603 Olympici,
1166 560 1261 592 hunc
1295 559 1454 592 introdu—

90 621 215 656 ctionis
239 632 369 654 annum
396 620 535 661 dixere,
561 632 626 653 uec
652 622 824 653 credibile
850 621 1050 664 pugilatum
1075 631 1202 653 revera
1228 620 1452 663 quinquertio

89 683 204 717 serius
230 682 392 715 ascitum.
446 681 540 713 Illud
573 692 659 713 vero
694 686 850 722 certum,
888 683 1110 724 pancratium
1135 681 1259 714 ultimo
1284 683 1363 714 loco
1396 694 1453 714 re-

90 748 253 788 ceptum,
285 743 378 786 quod
403 741 459 774 01.
484 741 540 774 33.
566 741 701 774 factum
730 743 893 782 tradunt3
930 744 999 775 hoc
1029 743 1140 787 igitur
1164 748 1302 776 sextum
1327 743 1394 775 fuit
1419 743 1453 775 in

91 805 225 838 ordine.
284 802 597 837 Considerabimus
629 814 719 835 nunc
744 804 1017 836 memorabilem
1043 806 1161 837 locum
1194 815 1251 846 ap.
1282 804 1453 836 Pausa-

91 865 215 899 niam
239 865 279 906 V,
303 864 338 906 3),
361 864 403 897 3:
437 861 478 897 Ὁ
511 862 550 897 δὲ
576 862 711 907 κόσμος
743 862 762 899 ὁ
787 864 871 910 περὶ
895 865 960 899 τὸν
994 865 1120 908 ἀγῶνα
1153 861 1210 906 ἐφ’
1245 861 1369 907 ἡμῶν,
1405 862 1455 903 ὥς

89 924 256 961 θύεσθαι
289 925 340 971 τῷ
369 925 449 969 θεῷ
480 923 524 958 τὰ
551 924 666 970 ἱερεῖα
700 925 915 960 πεντάθλου
939 925 1005 970 μὲν
1040 925 1102 960 καὶ.
1126 923 1266 970 δρόμου
1292 925 1365 958 τῶν
1390 925 1454 958 ἴπ-

89 999 171 1022 πων
196 983 330 1032 ὕστερα
354 983 631 1029 ἀγωνισμάτων,
657 982 766 1026 οὗτος
791 988 946 1032 κατέστη
972 988 1097 1032 σφίσιν
1121 985 1140 1021 ὁ
1166 983 1300 1030 κόσμος
1323 984 1454 1030 Ὀλυμ-

90 1049 200 1084 uui&
233 1046 372 1094 ἑβδόμῃ
406 1046 500 1093 πρὸς
529 1050 610 1087 ταῖς
641 1047 906 1093 ἑβδομήκοντα.
968 1048 1024 1084 Tc}
1052 1047 1122 1095 πρὸ
1157 1046 1298 1082 τούτων
1333 1047 1372 1084 δὲ
1397 1047 1456 1083 ἐπὶ

91 1109 232 1156 ἡμέρας
255 1103 347 1153 ἦγον
371 1109 438 1152 τῆς
462 1107 579 1153 αὖτῆς
601 1107 738 1153 ὁμοίως
759 1111 819 1146 καὶ
846 1108 1059 1157 ἀνθρώπων
1084 1111 1145 1145 καὶ
1170 1111 1295 1144 ἵππων
1316 1109 1454 1155 ἀγῶνα.

92 1170 176 1206 τότε
205 1169 246 1205 δὲ
271 1168 517 1215 προήχθησαν
542 1168 577 1210 ἐς
602 1169 719 1205 νύκτα
745 1172 779 1205 οὶ
805 1173 1157 1219 παγκρατιάζοντες,
1190 1170 1255 1206 ἅτε
1291 1171 1336 1206 ov’
1361 1171 1454 1207 κατὰ

92 1231 222 1278 καιρὸν
246 1229 506 1275 ἔςκληθὲντες,
543 1232 658 1266 αἴτιοι
684 1231 721 1267 δὲ
747 1232 913 1278 ἐγένοντο
940 1235 982 1269 οῖ’
1002 1247 1039 1269 τε
1066 1235 1172 1268 ἵπποι
1197 1234 1258 1269 καὶ
1286 1233 1321 1275 ἐς
1344 1234 1456 1270 πλέον

93 1293 148 1330 ἔτι
179 1292 204 1338 ἦ
237 1294 311 1326 τῶν
336 1291 557 1327 πεντάθλων
590 1291 745 1338 ἅμιλλα·
779 1296 838 1330 καὶ
873 1295 1017 1342 ἐκράτει
1047 1296 1113 1340 μὲν
1141 1296 1333 1340 Ἀθηναῖος
1357 1300 1456 1331 Καλ-

91 1356 173 1396 λίας
204 1353 293 1394 τούς
315 1354 674 1400 παγκρατιάσαντας.
722 1355 898 1400 ἐμπόδιον
932 1357 971 1392 δὲ
997 1356 1063 1392 οὐκ
1089 1357 1207 1402 ἔμελλε
1241 1360 1456 1404 παγκρατίῳ

88 1417 160 1452 ’τοῦ
185 1416 319 1451 λοιποῦ
353 1414 395 1450 τὸ
422 1415 632 1451 πένταθλον
665 1415 752 1452 ου’δὲ
779 1418 814 1453 οἱ
848 1419 955 1453 ἵπποι
985 1419 1217 1463 γενήσεσθαι.
1278 1421 1457 1454 Discimus

93 1491 136 1512 ex
161 1479 218 1512 his
249 1478 371 1511 verbis
405 1477 559 1520 primum
584 1479 748 1512 omnibus
788 1481 1021 1514 certaminum
1053 1482 1245 1525 generibus
1279 1487 1457 1515 certatum

93 1541 222 1575 eodem
255 1539 333 1581 die,
366 1540 436 1573 hoc
461 1544 531 1583 est,
564 1545 601 1574 ut
633 1553 701 1587 ego
737 1554 885 1584 censeo,
921 1554 1030 1586 quum
1057 1548 1128 1576 tres
1153 1543 1350 1576 maximum
1376 1548 1456 1576 ante

94 1602 152 1636 Ol.
174 1601 231 1635 77.
265 1602 341 1635 dies
372 1603 536 1636 ludorum
571 1608 706 1645 essent,
740 1610 881 1648 praeter
912 1605 1083 1649 gymnica
1116 1604 1312 1638 certamina
1345 1606 1457 1638 semel

94 1663 278 1705 curribus,
303 1664 416 1697 altero
441 1663 497 1697 die
524 1665 644 1698 rhedis
669 1666 886 1707 mularibus,
912 1667 1018 1699 tertio
1043 1668 1156 1699 celete
1181 1667 1395 1708 decursum,
1420 1670 1458 1699 ut

93 1725 332 1768 unusquisque
358 1725 434 1759 dies
457 1730 492 1759 et
519 1726 705 1759 hominum
730 1732 764 1760 et
789 1738 960 1770 equorum
988 1729 1187 1761 certamina
1213 1729 1376 1761 haberet.
1414 1729 1459 1760 Et

92 1787 258 1820 ultimum
291 1786 434 1829 quidem
465 1786 534 1820 fuit
565 1792 775 1830 sextumque
806 1789 840 1822 in
873 1789 944 1822 fine
977 1789 1048 1823 diei
1081 1791 1325 1834 pancratium,
1368 1790 1459 1834 quod

93 1859 204 1893 quum
227 1848 372 1892 Olymp.
397 1847 453 1880 77.
479 1848 513 1881 in
539 1852 681 1881 noctem
706 1854 926 1891 protractum
953 1851 1106 1894 spectari
1135 1863 1203 1884 non
1230 1856 1349 1895 posset
1374 1863 1457 1896 pro-

94 1913 174 1954 pter
197 1921 367 1943 curruum
392 1913 426 1942 et
451 1909 664 1952 quinquenii
690 1911 887 1943 certamina
913 1912 1179 1952 antecedentia,
1213 1912 1294 1945 inde
1321 1913 1366 1945 ab
1392 1915 1458 1948 illa

95 1970 311 2015 Olympiade
336 1970 485 2003 mutatio
518 1971 625 2003 facta.
681 1970 775 2012 Quid
809 1983 895 2004 vero
921 1978 1097 2005 mutatum
1127 1972 1211 2005 est?
1268 1974 1305 2006 ln
1339 1978 1458 2007 cetero

95 2031 218 2064 ordine
243 2032 349 2074 plane
374 2031 464 2064 nibil
489 2035 674 2072 mutatum,
700 2032 770 2064 hoc
795 2034 890 2065 enim
916 2034 1035 2066 dicere
1065 2034 1221 2066 debebat
1248 2035 1457 2076 Pausanias,

95 2093 158 2126 sed
182 2092 356 2125 reiectum
390 2096 443 2125 est
475 2092 697 2135 pancratium
735 2092 768 2124 in
793 2098 998 2135 sequentem
1025 2094 1120 2127 diem
1145 2100 1179 2127 et
1204 2095 1304 2128 finita
1329 2096 1457 2138 prioris

95 2154 167 2188 diei
191 2154 409 2186 concertatio
435 2158 514 2197 post
539 2153 693 2197 quinque
718 2164 852 2197 genera
876 2159 1049 2197 spectata.
1108 2157 1189 2188 Hoc
1215 2157 1310 2189 enim
1335 2160 1458 2200 aperte

95 2215 293 2249 Pausanias
319 2215 438 2248 dicere
462 2215 552 2248 mihi
579 2215 719 2248 videtur
743 2214 799 2247 his
823 2215 963 2247 verbis:
1003 2213 1022 2248 ὁ
1050 2215 1088 2249 δὲ
1112 2215 1267 2260 κόσμος,
1293 2215 1341 2257 ὠς
1365 2217 1461 2252 θύε-

95 2279 187 2312 σθαι
219 2276 270 2323 τῷ
298 2276 378 2322 θεῷ
411 2275 457 2310 τοὶ
489 2275 604 2321 ἱερεῖα
636 2274 852 2309 πεντάθλου
885 2274 951 2319 μὲν
982 2276 1044 2310 καὶ
1069 2277 1210 2322 δρόμου
1235 2279 1309 2312 τῶν
1335 2279 1460 2312 ἵππων

94 2335 230 2383 ὕστερα
262 2334 551 2381 ἀγωνισμάτων,
594 2331 702 2376 οὗτος
741 2335 896 2379 κατέστη
929 2335 1155 2379 Ὀλυμπιάδι
1199 2338 1337 2385 ἑβδόμῃ
1369 2339 1462 2384 πρὸς

96 2402 178 2438 ταῖς
203 2398 476 2444 ἑβδομήκοντα,
504 2400 539 2431 h.
566 2410 597 2430 e.
623 2398 715 2431 ratio
740 2409 833 2430 nunc
859 2398 949 2431 haec
975 2403 1027 2431 est
1051 2399 1133 2433 inde
1157 2401 1202 2433 ab
1230 2401 1287 2434 01.
1313 2400 1388 2441 77„
1423 2404 1461 2433 ut

96 2460 277 2494 sacrificia
300 2461 368 2494 deo
393 2461 622 2494 immolentur
648 2463 728 2503 post
753 2459 1017 2502 quinquertium
1043 2464 1077 2493 et
1103 2473 1273 2504 equorum
1299 2472 1460 2500 cursum;

96 2525 173 2555 tum
196 2521 307 2565 igitur
329 2522 453 2556 finitur
469 2521 686 2554 concertatio
710 2521 791 2563 diei,
817 2521 1000 2564 pancratio
1026 2521 1061 2553 in
1086 2521 1197 2554 alium
1217 2521 1313 2553 diem
1339 2521 1460 2554 dilato.

96 2583 186 2616 Sunt
210 2580 344 2625 ἱερεῖα,
365 2594 458 2626 quae
482 2584 518 2616 in
541 2583 614 2615 fine
639 2582 710 2615 diei
747 2587 825 2625 post
848 2582 949 2615 finita
987 2582 1186 2615 certamina
1209 2582 1287 2614 Iovi
1324 2581 1464 2614 sacrifi-

99 2646 234 2683 cantur,
259 2653 368 2685 quum
392 2644 501 2677 etiam
526 2644 646 2687 κῶμος
670 2644 864 2677 haberetur
890 2644 964 2687 (01.
984 2644 1045 2685 xl,
1065 2643 1154 2686 760.
1202 2643 1349 2676 Poterat
1368 2643 1463 2675 Pau-

98 2702 218 2738 sanias
250 2704 345 2746 quod
380 2705 528 2748 volebat
563 2704 762 2748 simplicius
799 2705 942 2745 dicere3
992 2705 1053 2738 sed
1089 2707 1188 2738 amat·
1221 2702 1461 2746 exquisitiora.
