1794 2982
285 95 367 134 170
669 87 1150 130 ΠΤΘΙΟΝΙΚΑΙ
1184 84 1284 130 ΙΒ’.

416 192 514 262 ἦτοι
547 196 597 243 τό
630 215 674 243 τε
708 195 951 242 θεσπέσιον
973 193 1171 256 Φόρκοιο
1206 194 1442 256 μαύρωσεν
1473 196 1611 258 γένος,

414 264 581 327 λυγρόν
591 262 626 310 τ’
636 264 790 324 ἔρανον
797 261 1062 326 Πολυδέκτᾳ
1072 267 1186 326 θῆκε
1196 262 1359 325 ματρός
1368 261 1403 309 τ’
1410 263 1646 324 ἕμπεδονῼό

321 339 382 382 15
419 329 705 379 δουλοσύναν
738 329 788 377 τό
821 327 857 376 τ’
891 327 1129 391 ἀναγκαῖον
1163 330 1302 391 λέχος,

417 397 650 460 εὐπαράου
678 402 819 460 κρᾶτα
854 396 1071 454 συλάσαις
1106 399 1334 456 Μεδοίσας

1452 468 1558 525 Στρ.
1594 464 1646 527 γ’.

415 531 517 590 υἱὸς
535 531 717 589 Δανάας
729 549 738 558 ·
759 529 839 578 τὸν
857 529 945 577 α’πὸ
965 535 1142 592 χρυσοῦ
1159 549 1304 592 φαμεν
1328 529 1583 592 αὐτορύτου
1603 543 1647 575 30

416 602 604 661 ἔμμεναι.
646 597 741 645 ἄλλ’
778 599 866 645 ἐπεὶ
899 599 945 644 ἐκ
970 597 1141 644 τούτων
1165 600 1300 659 φίλον
1330 597 1469 660 ἄνδρα
1499 598 1650 645 πόνων

417 667 650 729 ἐρρύσατο,
678 666 903 727 παρθένος
921 665 1071 712 αὐλῶν
1092 670 1214 727 τεῦχε
1237 665 1485 728 πάμφωνον
1503 667 1647 727 μέλος,

316 742 380 786 20
417 734 541 797 ὄφρα
575 733 652 782 τὸν
682 732 928 795 Εὐρυάλας
963 734 1008 780 ἐκ
1042 738 1326 794 καρπαλιμᾶν
1359 733 1526 795 γενύων
1604 744 1647 776 35

414 803 690 866 χριμφθέντα
712 800 798 849 σὺν
826 802 960 847 ἔντεσι
981 800 1206 864 μιμήσαιτ’
1223 802 1502 863 ἐρικλάγκταν
1526 799 1645 863 γόον.

417 866 545 934 εὗρεν
576 869 706 927 θεός·
763 867 874 915 ἄλλά
909 886 980 916 νιν
1023 867 1191 929 εῦροῖσ’
1236 867 1422 931 ἀνδράσι
1465 873 1650 925 θνατοῖς

959 935 1081 996 ἔχειν,
1605 946 1650 978 40

419 1003 646 1064 ὠνόμασεν
679 1006 878 1064 κεφαλᾶν
911 1007 1082 1049 πολλᾶν
1115 1002 1267 1063 νόμον,

419 1072 577 1119 εύκλεᾶ
611 1071 843 1117 λαοσσόων
876 1068 1086 1133 μναστῆρ’
1120 1069 1313 1132 ἀγώνων,

1452 1140 1560 1197 Στρ.
1595 1135 1648 1183 δ’.

316 1212 380 1257 25
416 1209 582 1253 λεπτοῦ
616 1203 949 1264 διανισσόμενον
981 1207 1151 1265 χαλκοῦ
1186 1203 1312 1264 θαμὰ
1332 1205 1407 1251 καὶ
1435 1203 1650 1261 δονάκων,

414 1275 483 1321 τοὶ
517 1271 637 1332 παρὰ
671 1272 934 1332 καλλίχορον
966 1272 1131 1318 ναίοισι
1166 1271 1296 1319 πόλιν
1330 1273 1548 1333 Χαρίτων,
1603 1282 1648 1314 45

418 1342 675 1403 Καφισίδος
708 1340 753 1386 ἐν
788 1339 964 1400 τεμένει,
999 1340 1146 1386 πιστοὶ
1177 1345 1392 1401 χορευτᾶν
1420 1339 1652 1401 μάρτυρες.

418 1410 454 1456 εἰ
475 1410 522 1456 δέ
551 1427 616 1465 τις
636 1406 768 1469 ὄλβος
801 1407 845 1455 ἐν
877 1405 1196 1468 α’νθρώποισιν,
1230 1407 1338 1456 ἄνευ
1369 1407 1571 1468 καμάτου
1605 1417 1650 1449 50

418 1475 478 1524 οὐ
512 1477 733 1538 φαίνεται·
769 1475 815 1522 ἐκ
849 1477 896 1522 δὲ
930 1477 1175 1522 τελευτάσει
1201 1495 1270 1524 νιν
1292 1474 1393 1539 ἤτοι
1424 1475 1616 1535 σάμερον

319 1550 382 1595 30
418 1546 598 1606 δαίμων.
633 1542 684 1590 τὸ
704 1544 750 1590 δὲ
770 1543 991 1605 μόρσιμον
1011 1541 1071 1589 οὔ
1093 1543 1361 1606 παρφυκτόν
1377 1561 1386 1570 ·
1421 1542 1514 1590 ἄλλ’
1537 1543 1654 1589 ἔσται

956 1610 1115 1671 χρόνος

420 1672 579 1735 οὗτος,
614 1676 640 1725 ὃ
674 1678 751 1723 καί
781 1675 862 1724 τιν’
893 1675 1074 1742 οἷελπτίᾳ
1109 1676 1257 1738 βαλών

417 1747 600 1807 ἔμπαλιν
632 1745 806 1808 γνώμας
833 1742 883 1791 τὸ
918 1746 995 1805 μὲν
1030 1744 1186 1803 δώσει,
1220 1742 1270 1791 τὸ
1306 1744 1344 1792 δ’
1379 1744 1522 1792 οὔπω.

327 1860 360 1880 v.
390 1848 442 1881 13.
470 1841 616 1889 Φόρκοι’
640 1841 858 1887 ἀμαύρωσεν
883 1861 926 1868 -
950 1856 981 1876 ν.
1007 1844 1062 1877 23.
1084 1844 1231 1889 πολλῶν
1255 1863 1297 1868 --
1322 1858 1354 1878 v.
1380 1846 1433 1879 25.
1460 1841 1500 1879 θ’
1518 1842 1594 1888 ἅμα
1611 1864 1646 1870 -

285 1906 317 1928 ν.
341 1893 397 1926 26.
424 1889 625 1935 καλλιχόρῳ
650 1890 788 1924 ναίοισι
813 1887 918 1923 πόλει
944 1907 987 1913 -·
1012 1901 1043 1921 v.
1070 1890 1125 1922 29.
1151 1889 1235 1934 η’τοι
1260 1909 1300 1914 -
1326 1903 1358 1924 v.
1385 1893 1440 1924 30.
1467 1888 1509 1925 τό
1534 1902 1572 1933 γε

373 1980 409 2002 v.
435 1966 491 2000 13.
539 1964 711 2008 [vulgata
752 1972 905 2005 pravam
946 1961 1061 1995 habet
1101 1963 1255 2007 genitivi
1296 1964 1506 2005 elisionem,
1549 1975 1658 2008 quam

283 2013 494 2050 Boeckhius
518 2022 601 2044 cum
626 2011 835 2042 Hermanno
860 2007 905 2040 ad
930 2006 1044 2050 Orph.
1071 2020 1106 2051 p.
1132 2007 1211 2042 722.
1237 2011 1402 2044 removit.
1452 2011 1574 2055 SCH.]

377 2071 413 2093 v.
436 2056 493 2090 24.
543 2057 641 2097 [Duo
676 2054 819 2086 codices
853 2053 1055 2097 πρηστῆρα.
1104 2055 1299 2098 Vulgatum
1324 2057 1491 2101 legerunt
1515 2060 1657 2089 veteres

286 2106 383 2150 apud
415 2101 644 2137 Eustathium
680 2100 846 2132 prooem.
879 2110 914 2142 p.
940 2098 981 2130 8:
1017 2096 1222 2143 Αύλητικὸν
1255 2100 1371 2144 νόμον
1403 2101 1659 2147 μνηστῆρα

287 2150 482 2195 ἀγώνων
508 2146 602 2190 ἔφη,
627 2142 744 2189 ἤγουν
769 2143 804 2184 ἐς
827 2142 975 2188 μνήμην
999 2141 1139 2186 ἄγοντα
1162 2146 1251 2185 τοὺς
1277 2144 1435 2189 ἀγῶνοις.
1485 2147 1606 2190 SCH.]

377 2207 411 2229 v.
436 2193 491 2226 26.
542 2193 772 2236 [καλλίχορον
796 2203 829 2224 ν.
854 2191 963 2223 πόλιν
990 2190 1195 2224 Scholiasta
1220 2192 1349 2226 habuit
1374 2193 1415 2234 is,
1441 2193 1541 2226 cuius
1565 2193 1658 2225 haec

286 2244 384 2278 sunt:
421 2239 554 2278 οἵτινες
585 2236 621 2271 οἱ
653 2235 813 2279 κάλαμοι
846 2235 1011 2270 οἰκοῦσιν
1045 2237 1097 2275 εἰς
1131 2235 1200 2279 τήν
1234 2238 1308 2272 τῶν
1331 2239 1502 2279 Χαρίτων
1536 2235 1658 2280 πόλιν,

286 2284 456 2322 τουτέστι
489 2283 555 2317 τὸν
577 2278 810 2326 Ὀρχομενόν.
865 2283 912 2314 Et
943 2279 1052 2314 πόλιν
1085 2283 1155 2315 duo
1190 2283 1343 2317 codices.
1393 2284 1513 2326 Quum
1539 2286 1660 2316 autem

287 2333 467 2368 Pindarus
491 2329 645 2364 Atticam
675 2328 832 2361 formam
856 2327 962 2361 πόλει
986 2327 1176 2369 respuerit,
1216 2330 1275 2362 vel
1300 2333 1493 2372 propterea
1517 2329 1661 2361 obtem-

290 2378 489 2428 perandum
513 2374 583 2408 suit
606 2374 814 2406 Hermanno
840 2373 863 2406 l.
890 2384 921 2406 c.
970 2372 1093 2415 SCH.]

381 2435 414 2456 v.
440 2421 497 2454 29.
546 2416 646 2462 [ἤτοι
689 2418 835 2461 reposui
866 2429 909 2450 ex
943 2416 1065 2450 verbis
1096 2417 1323 2451 Scholiastae
1356 2417 1433 2451 his:
1468 2414 1561 2457 θεὸς
1577 2416 1662 2462 -γάρ

289 2466 313 2514 ἢ
332 2466 490 2511 σήμερον
507 2463 530 2509 ἢ
547 2463 701 2509 ὕστερον
730 2461 879 2506 ποιήσει
904 2461 967 2496 καὶ
993 2460 1052 2496 ἐπὶ
1073 2461 1176 2500 τέλος
1202 2460 1290 2504 ἄξει.
1336 2463 1547 2509 Legelratur
1565 2463 1662 2505 η’τοι,

292 2515 388 2560 quod
411 2514 489 2548 iure
518 2509 700 2554 displicuit
724 2507 928 2552 llartungio
955 2507 998 2540 de
1024 2507 1176 2540 Particc.
1203 2509 1264 2541 Gr.
1290 2509 1336 2542 11.
1362 2521 1396 2552 p.
1422 2509 1501 2543 358.
1537 2510 1661 2550 SCH.]

383 2572 418 2593 v.
441 2556 497 2591 30.
547 2558 616 2590 Pro
646 2553 688 2589 τό
724 2566 763 2597 γε
796 2551 977 2596 μόρσιμον
1007 2553 1236 2587 scribendum
1261 2558 1365 2598 puto:
1399 2556 1440 2588 τὸ
1467 2554 1506 2589 δὲ
1530 2553 1663 2600 μόρσι-

295 2618 366 2650 μον
399 2615 480 2637 cum
504 2603 628 2637 Schol.
655 2601 752 2634 Gott.
779 2598 892 2632 Paris.
918 2598 961 2631 Β.
1019 2598 1111 2631 Nam
1142 2599 1234 2634 haec
1258 2600 1432 2634 sententia
1456 2612 1524 2634 non
1550 2599 1661 2633 conti—

294 2654 382 2685 nuat
415 2649 710 2688 antecedentem,
745 2645 808 2679 sed
840 2643 874 2677 ei
905 2643 1072 2689 opposita
1105 2648 1167 2677 cst.
1222 2646 1310 2679 Vide
1342 2645 1661 2682 Coinmentarium.

295 2697 409 2742 [Illud
433 2693 577 2739 reposui
601 2704 684 2728 cum
709 2693 916 2726 Hermanno
941 2701 975 2732 p.
1001 2688 1078 2725 172.
1105 2693 1140 2723 et
1163 2691 1337 2738 Bcrgkio.
1384 2692 1506 2738 SCH.]

800 2753 1153 2772 *ff
