<?xml version="1.0" encoding="UTF-8"?>
<!DOCTYPE html PUBLIC "-//W3C//DTD XHTML 1.0 Transitional//EN"
    "http://www.w3.org/TR/xhtml1/DTD/xhtml1-transitional.dtd">
<html xmlns="http://www.w3.org/1999/xhtml" xml:lang="en" lang="en">
 <head>
  <title>
</title>
<meta http-equiv="Content-Type" content="text/html;charset=utf-8" />
  <meta name='ocr-system' content='tesseract 3.04.00' />
  <meta name='ocr-capabilities' content='ocr_page ocr_carea ocr_par ocr_line ocrx_word'/>
</head>
<body>
  <div class='ocr_page' id='page_1' title='image "./carminaquaesuper01pinduoft_0475.png"; bbox 0 0 1794 2982; ppageno 0'>
   <div class='ocr_carea' id='block_1_1' title="bbox 595 162 1484 204">
    <p class='ocr_par' dir='ltr' id='par_1_1' title="bbox 595 162 1484 204">
     <span class='ocr_line' id='line_1_1' title="bbox 595 162 1484 204; baseline 0.004 -4"><span class='ocrx_word' id='word_1_1' title='bbox 595 162 940 203; x_wconf 79' lang='lat' dir='ltr'>EXCURSUS</span> <span class='ocrx_word' id='word_1_2' title='bbox 971 163 1026 201; x_wconf 91' lang='lat'>11.</span> <span class='ocrx_word' id='word_1_3' title='bbox 1401 165 1484 204; x_wconf 69' lang='lat'>343</span> 
     </span>
    </p>
   </div>
   <div class='ocr_carea' id='block_1_2' title="bbox 108 267 1536 2764">
    <p class='ocr_par' dir='ltr' id='par_1_2' title="bbox 124 267 1536 1415">
     <span class='ocr_line' id='line_1_2' title="bbox 214 267 1536 313; baseline -0.002 -10"><span class='ocrx_word' id='word_1_4' title='bbox 214 268 338 303; x_wconf 86' lang='lat' dir='ltr'>Tertio</span> <span class='ocrx_word' id='word_1_5' title='bbox 370 269 450 301; x_wconf 90' lang='lat' dir='ltr'>loco</span> <span class='ocrx_word' id='word_1_6' title='bbox 485 267 886 302; x_wconf 78' lang='lat' dir='ltr'>enumerationem</span> <span class='ocrx_word' id='word_1_7' title='bbox 923 268 1054 310; x_wconf 79' lang='lat' dir='ltr'>affero,</span> <span class='ocrx_word' id='word_1_8' title='bbox 1093 270 1194 302; x_wconf 82' lang='lat' dir='ltr'>cuius</span> <span class='ocrx_word' id='word_1_9' title='bbox 1226 272 1346 303; x_wconf 89' lang='lat' dir='ltr'>tamen</span> <span class='ocrx_word' id='word_1_10' title='bbox 1389 270 1483 313; x_wconf 84' lang='lat' dir='ltr'>apud</span> <span class='ocrx_word' id='word_1_11' title='bbox 1532 310 1536 313; x_wconf 29' lang='grc' dir='ltr'>ι</span> 
     </span>
     <span class='ocr_line' id='line_1_3' title="bbox 124 329 1485 376; baseline 0.001 -12"><span class='ocrx_word' id='word_1_12' title='bbox 124 329 321 364; x_wconf 73' lang='lat' dir='ltr'>Pindarum</span> <span class='ocrx_word' id='word_1_13' title='bbox 344 341 461 374; x_wconf 85' lang='lat' dir='ltr'>pauca</span> <span class='ocrx_word' id='word_1_14' title='bbox 484 333 623 363; x_wconf 83' lang='lat' dir='ltr'>tantum</span> <span class='ocrx_word' id='word_1_15' title='bbox 648 331 814 373; x_wconf 83' lang='lat' dir='ltr'>exempla</span> <span class='ocrx_word' id='word_1_16' title='bbox 838 334 928 363; x_wconf 87' lang='lat' dir='ltr'>sunt.</span> <span class='ocrx_word' id='word_1_17' title='bbox 963 331 1067 373; x_wconf 76' lang='lat' dir='ltr'>Pyth.</span> <span class='ocrx_word' id='word_1_18' title='bbox 1086 331 1146 372; x_wconf 84' lang='lat' dir='ltr'>Ill,</span> <span class='ocrx_word' id='word_1_19' title='bbox 1166 330 1250 363; x_wconf 78' lang='lat'>107:</span> <span class='ocrx_word' id='word_1_20' title='bbox 1277 330 1428 376; x_wconf 85' lang='grc' dir='ltr'><em>σμικρὸς</em></span> <span class='ocrx_word' id='word_1_21' title='bbox 1447 331 1485 365; x_wconf 78' lang='grc' dir='ltr'>ἐν</span> 
     </span>
     <span class='ocr_line' id='line_1_4' title="bbox 125 390 1485 438; baseline -0.001 -12"><span class='ocrx_word' id='word_1_22' title='bbox 125 395 303 438; x_wconf 75' lang='grc' dir='ltr'><em>σμικροῖς,</em></span> <span class='ocrx_word' id='word_1_23' title='bbox 326 392 438 436; x_wconf 81' lang='grc' dir='ltr'><em>μέγας</em></span> <span class='ocrx_word' id='word_1_24' title='bbox 457 391 493 425; x_wconf 81' lang='grc' dir='ltr'>ἐν</span> <span class='ocrx_word' id='word_1_25' title='bbox 511 390 679 435; x_wconf 70' lang='grc' dir='ltr'><em>μεγάλοις</em></span> <span class='ocrx_word' id='word_1_26' title='bbox 705 391 865 434; x_wconf 69' lang='grc' dir='ltr'><em>ἔσσομαι.</em></span> <span class='ocrx_word' id='word_1_27' title='bbox 904 392 1005 425; x_wconf 67' lang='lat' dir='ltr'>Nom.</span> <span class='ocrx_word' id='word_1_28' title='bbox 1023 393 1078 424; x_wconf 70' lang='lat' dir='ltr'>Vl.</span> <span class='ocrx_word' id='word_1_29' title='bbox 1097 392 1191 425; x_wconf 68' lang='lat' dir='ltr'>init:</span> <span class='ocrx_word' id='word_1_30' title='bbox 1214 391 1256 426; x_wconf 68' lang='lat' dir='ltr'>‘gv</span> <span class='ocrx_word' id='word_1_31' title='bbox 1274 391 1485 437; x_wconf 70' lang='grc' dir='ltr'><em>ἅνδρεόν,ἳι’</em></span> 
     </span>
     <span class='ocr_line' id='line_1_5' title="bbox 124 452 1485 497; baseline -0.001 -10"><span class='ocrx_word' id='word_1_32' title='bbox 124 455 226 488; x_wconf 75' lang='grc' dir='ltr'><em>θεῶν</em></span> <span class='ocrx_word' id='word_1_33' title='bbox 251 452 365 497; x_wconf 81' lang='grc' dir='ltr'><em>γένος.</em></span> <span class='ocrx_word' id='word_1_34' title='bbox 400 454 522 487; x_wconf 87' lang='lat' dir='ltr'>Potest</span> <span class='ocrx_word' id='word_1_35' title='bbox 547 453 657 486; x_wconf 87' lang='lat' dir='ltr'>etiam</span> <span class='ocrx_word' id='word_1_36' title='bbox 678 452 720 487; x_wconf 69' lang='grc' dir='ltr'><em>ἓν</em></span> <span class='ocrx_word' id='word_1_37' title='bbox 744 452 809 497; x_wconf 64' lang='grc' dir='ltr'><em>μὲν</em></span> <span class='ocrx_word' id='word_1_38' title='bbox 834 452 991 497; x_wconf 73' lang='grc' dir='ltr'><em>ἇνδρῶν,</em></span> <span class='ocrx_word' id='word_1_39' title='bbox 1014 452 1056 487; x_wconf 54' lang='grc' dir='ltr'><em>(ἓν</em></span> <span class='ocrx_word' id='word_1_40' title='bbox 1081 452 1120 487; x_wconf 62' lang='grc' dir='ltr'>δὲ</span> <span class='ocrx_word' id='word_1_41' title='bbox 1146 455 1247 487; x_wconf 76' lang='grc' dir='ltr'><em>θεῶν</em></span> <span class='ocrx_word' id='word_1_42' title='bbox 1271 452 1375 496; x_wconf 75' lang='grc' dir='ltr'><em>γένος</em></span> <span class='ocrx_word' id='word_1_43' title='bbox 1401 454 1485 494; x_wconf 78' lang='lat' dir='ltr'>dici,</span> 
     </span>
     <span class='ocr_line' id='line_1_6' title="bbox 125 505 1485 559; baseline 0 -12"><span class='ocrx_word' id='word_1_44' title='bbox 125 514 154 547; x_wconf 87' lang='lat' dir='ltr'>si</span> <span class='ocrx_word' id='word_1_45' title='bbox 189 514 423 559; x_wconf 87' lang='lat' dir='ltr'>oppositionis</span> <span class='ocrx_word' id='word_1_46' title='bbox 453 515 546 547; x_wconf 86' lang='lat' dir='ltr'>ratio</span> <span class='ocrx_word' id='word_1_47' title='bbox 580 515 749 554; x_wconf 56' lang='lat' dir='ltr'>infertum</span> <span class='ocrx_word' id='word_1_48' title='bbox 784 526 875 547; x_wconf 82' lang='lat' dir='ltr'>nunc</span> <span class='ocrx_word' id='word_1_49' title='bbox 908 505 1026 547; x_wconf 78' lang='lat' dir='ltr'>autem</span> <span class='ocrx_word' id='word_1_50' title='bbox 1061 526 1128 547; x_wconf 88' lang='lat' dir='ltr'>non</span> <span class='ocrx_word' id='word_1_51' title='bbox 1162 520 1387 558; x_wconf 87' lang='lat' dir='ltr'>opponuntur</span> <span class='ocrx_word' id='word_1_52' title='bbox 1418 515 1485 548; x_wconf 87' lang='lat' dir='ltr'>sibi</span> 
     </span>
     <span class='ocr_line' id='line_1_7' title="bbox 126 575 1485 619; baseline 0 -10"><span class='ocrx_word' id='word_1_53' title='bbox 126 577 219 609; x_wconf 86' lang='lat' dir='ltr'>haec</span> <span class='ocrx_word' id='word_1_54' title='bbox 244 577 427 617; x_wconf 83' lang='lat' dir='ltr'>membra,</span> <span class='ocrx_word' id='word_1_55' title='bbox 462 578 525 609; x_wconf 87' lang='lat' dir='ltr'>sed</span> <span class='ocrx_word' id='word_1_56' title='bbox 558 576 656 610; x_wconf 78' lang='lat' dir='ltr'>iuxta</span> <span class='ocrx_word' id='word_1_57' title='bbox 681 578 833 609; x_wconf 76' lang='lat' dir='ltr'>alterum</span> <span class='ocrx_word' id='word_1_58' title='bbox 865 575 1008 619; x_wconf 83' lang='lat' dir='ltr'>ponitur</span> <span class='ocrx_word' id='word_1_59' title='bbox 1032 578 1195 609; x_wconf 89' lang='lat' dir='ltr'>alterum.</span> <span class='ocrx_word' id='word_1_60' title='bbox 1252 577 1376 610; x_wconf 84' lang='lat' dir='ltr'>Habet</span> <span class='ocrx_word' id='word_1_61' title='bbox 1399 588 1485 609; x_wconf 81' lang='lat' dir='ltr'>vero</span> 
     </span>
     <span class='ocr_line' id='line_1_8' title="bbox 126 637 1486 681; baseline 0.001 -12"><span class='ocrx_word' id='word_1_62' title='bbox 126 637 197 670; x_wconf 88' lang='lat' dir='ltr'>hoc</span> <span class='ocrx_word' id='word_1_63' title='bbox 221 648 335 681; x_wconf 84' lang='lat' dir='ltr'>genus</span> <span class='ocrx_word' id='word_1_64' title='bbox 360 649 451 670; x_wconf 88' lang='lat' dir='ltr'>nunc</span> <span class='ocrx_word' id='word_1_65' title='bbox 475 638 694 681; x_wconf 71' lang='lat' dir='ltr'>gravitatem</span> <span class='ocrx_word' id='word_1_66' title='bbox 715 642 749 671; x_wconf 85' lang='lat' dir='ltr'>et</span> <span class='ocrx_word' id='word_1_67' title='bbox 768 637 991 681; x_wconf 75' lang='lat' dir='ltr'>dignitatem,</span> <span class='ocrx_word' id='word_1_68' title='bbox 1017 642 1056 669; x_wconf 90' lang='lat' dir='ltr'>ut</span> <span class='ocrx_word' id='word_1_69' title='bbox 1080 637 1112 670; x_wconf 92' lang='lat' dir='ltr'>in</span> <span class='ocrx_word' id='word_1_70' title='bbox 1130 638 1218 670; x_wconf 87' lang='lat' dir='ltr'>locis</span> <span class='ocrx_word' id='word_1_71' title='bbox 1238 639 1368 679; x_wconf 77' lang='lat' dir='ltr'>allatis,</span> <span class='ocrx_word' id='word_1_72' title='bbox 1394 651 1486 671; x_wconf 85' lang='lat' dir='ltr'>nunc</span> 
     </span>
     <span class='ocr_line' id='line_1_9' title="bbox 127 698 1484 741; baseline 0.001 -11"><span class='ocrx_word' id='word_1_73' title='bbox 127 698 294 731; x_wconf 83' lang='lat' dir='ltr'>ardorem</span> <span class='ocrx_word' id='word_1_74' title='bbox 320 703 354 731; x_wconf 89' lang='lat' dir='ltr'>et</span> <span class='ocrx_word' id='word_1_75' title='bbox 381 699 561 739; x_wconf 79' lang='lat' dir='ltr'>affectum,</span> <span class='ocrx_word' id='word_1_76' title='bbox 588 699 682 740; x_wconf 88' lang='lat' dir='ltr'>quod</span> <span class='ocrx_word' id='word_1_77' title='bbox 703 699 885 732; x_wconf 72' lang='lat' dir='ltr'>luculento</span> <span class='ocrx_word' id='word_1_78' title='bbox 919 700 1083 741; x_wconf 79' lang='lat' dir='ltr'>exemplo</span> <span class='ocrx_word' id='word_1_79' title='bbox 1108 699 1308 732; x_wconf 87' lang='lat' dir='ltr'>illustratur</span> <span class='ocrx_word' id='word_1_80' title='bbox 1332 711 1351 731; x_wconf 88' lang='lat' dir='ltr'>e</span> <span class='ocrx_word' id='word_1_81' title='bbox 1376 700 1484 732; x_wconf 81' lang='lat' dir='ltr'>Pla-</span> 
     </span>
     <span class='ocr_line' id='line_1_10' title="bbox 127 758 1487 803; baseline 0.001 -12"><span class='ocrx_word' id='word_1_82' title='bbox 127 758 251 791; x_wconf 83' lang='lat' dir='ltr'>tonis</span> <span class='ocrx_word' id='word_1_83' title='bbox 284 758 476 803; x_wconf 76' lang='lat' dir='ltr'><strong>Symposio</strong></span> <span class='ocrx_word' id='word_1_84' title='bbox 508 771 541 802; x_wconf 89' lang='lat' dir='ltr'>p.</span> <span class='ocrx_word' id='word_1_85' title='bbox 567 759 644 792; x_wconf 73' lang='lat'>197.</span> <span class='ocrx_word' id='word_1_86' title='bbox 669 761 720 801; x_wconf 84' lang='lat'>1)‚</span> <span class='ocrx_word' id='word_1_87' title='bbox 753 759 815 791; x_wconf 89' lang='lat' dir='ltr'>ubi</span> <span class='ocrx_word' id='word_1_88' title='bbox 840 760 983 803; x_wconf 77' lang='lat' dir='ltr'>Agatho</span> <span class='ocrx_word' id='word_1_89' title='bbox 1020 764 1124 803; x_wconf 86' lang='lat' dir='ltr'>poeta</span> <span class='ocrx_word' id='word_1_90' title='bbox 1160 760 1194 792; x_wconf 93' lang='lat' dir='ltr'>in</span> <span class='ocrx_word' id='word_1_91' title='bbox 1218 761 1290 793; x_wconf 88' lang='lat' dir='ltr'>fine</span> <span class='ocrx_word' id='word_1_92' title='bbox 1317 761 1487 793; x_wconf 84' lang='lat' dir='ltr'>orationis</span> 
     </span>
     <span class='ocr_line' id='line_1_11' title="bbox 126 820 1487 863; baseline 0.003 -12"><span class='ocrx_word' id='word_1_93' title='bbox 126 829 215 852; x_wconf 81' lang='lat' dir='ltr'>suae</span> <span class='ocrx_word' id='word_1_94' title='bbox 239 824 420 852; x_wconf 81' lang='lat' dir='ltr'><strong>crescente</strong></span> <span class='ocrx_word' id='word_1_95' title='bbox 444 820 588 853; x_wconf 75' lang='lat' dir='ltr'>fervore</span> <span class='ocrx_word' id='word_1_96' title='bbox 613 820 729 852; x_wconf 81' lang='lat' dir='ltr'>laudis</span> <span class='ocrx_word' id='word_1_97' title='bbox 754 822 932 863; x_wconf 87' lang='lat' dir='ltr'>permulta</span> <span class='ocrx_word' id='word_1_98' title='bbox 954 821 1137 863; x_wconf 84' lang='lat' dir='ltr'>praedicat</span> <span class='ocrx_word' id='word_1_99' title='bbox 1156 822 1199 854; x_wconf 91' lang='lat' dir='ltr'>de</span> <span class='ocrx_word' id='word_1_100' title='bbox 1216 823 1348 854; x_wconf 79' lang='lat' dir='ltr'>Amore</span> <span class='ocrx_word' id='word_1_101' title='bbox 1373 821 1487 856; x_wconf 80' lang='grc' dir='ltr'><em>οἷσυν-</em></span> 
     </span>
     <span class='ocr_line' id='line_1_12' title="bbox 128 879 1485 926; baseline 0.002 -12"><span class='ocrx_word' id='word_1_102' title='bbox 128 879 261 919; x_wconf 76' lang='grc' dir='ltr'><em>δέτωςε</em></span> <span class='ocrx_word' id='word_1_103' title='bbox 289 880 327 914; x_wconf 82' lang='grc' dir='ltr'>ἐν</span> <span class='ocrx_word' id='word_1_104' title='bbox 351 880 515 926; x_wconf 71' lang='grc' dir='ltr'><em>ἑορταῖς,</em></span> <span class='ocrx_word' id='word_1_105' title='bbox 543 880 580 915; x_wconf 72' lang='grc' dir='ltr'>ἕν</span> <span class='ocrx_word' id='word_1_106' title='bbox 604 884 746 924; x_wconf 82' lang='grc' dir='ltr'><em>χοροῖς,</em></span> <span class='ocrx_word' id='word_1_107' title='bbox 770 900 1154 906; x_wconf 73' lang='lat'>——————</span> <span class='ocrx_word' id='word_1_108' title='bbox 1183 882 1422 926; x_wconf 76' lang='grc' dir='ltr'><em>παραστάτης</em></span> <span class='ocrx_word' id='word_1_109' title='bbox 1447 896 1485 917; x_wconf 77' lang='grc' dir='ltr'>τε,</span> 
     </span>
     <span class='ocr_line' id='line_1_13' title="bbox 127 938 1487 985; baseline 0.001 -12"><span class='ocrx_word' id='word_1_110' title='bbox 127 939 190 974; x_wconf 83' lang='grc' dir='ltr'>καὶ</span> <span class='ocrx_word' id='word_1_111' title='bbox 214 939 336 985; x_wconf 85' lang='grc' dir='ltr'><em>σωτὴρ</em></span> <span class='ocrx_word' id='word_1_112' title='bbox 360 938 519 985; x_wconf 75' lang='grc' dir='ltr'><em>ἄριστος.</em></span> <span class='ocrx_word' id='word_1_113' title='bbox 572 942 601 974; x_wconf 89' lang='grc' dir='ltr'>Λ</span> <span class='ocrx_word' id='word_1_114' title='bbox 627 941 827 973; x_wconf 74' lang='lat' dir='ltr'>Pindaricis</span> <span class='ocrx_word' id='word_1_115' title='bbox 851 941 1012 984; x_wconf 81' lang='lat' dir='ltr'>epiniciis</span> <span class='ocrx_word' id='word_1_116' title='bbox 1044 942 1127 975; x_wconf 82' lang='lat' dir='ltr'>talis</span> <span class='ocrx_word' id='word_1_117' title='bbox 1151 942 1330 976; x_wconf 72' lang='lat' dir='ltr'>incitatior</span> <span class='ocrx_word' id='word_1_118' title='bbox 1353 943 1487 976; x_wconf 84' lang='lat' dir='ltr'>oratio-</span> 
     </span>
     <span class='ocr_line' id='line_1_14' title="bbox 128 999 1489 1049; baseline 0.004 -17"><span class='ocrx_word' id='word_1_119' title='bbox 128 999 182 1032; x_wconf 81' lang='lat' dir='ltr'>nis</span> <span class='ocrx_word' id='word_1_120' title='bbox 207 1011 332 1033; x_wconf 86' lang='lat' dir='ltr'>cursus</span> <span class='ocrx_word' id='word_1_121' title='bbox 355 1000 513 1041; x_wconf 73' lang='lat' dir='ltr'>alienus3</span> <span class='ocrx_word' id='word_1_122' title='bbox 550 1001 612 1033; x_wconf 85' lang='lat' dir='ltr'>sed</span> <span class='ocrx_word' id='word_1_123' title='bbox 637 1001 696 1033; x_wconf 89' lang='lat' dir='ltr'>hic</span> <span class='ocrx_word' id='word_1_124' title='bbox 722 1013 855 1046; x_wconf 84' lang='lat' dir='ltr'>magna</span> <span class='ocrx_word' id='word_1_125' title='bbox 881 1014 961 1035; x_wconf 85' lang='lat' dir='ltr'>cum</span> <span class='ocrx_word' id='word_1_126' title='bbox 989 1003 1022 1035; x_wconf 88' lang='lat' dir='ltr'>vi</span> <span class='ocrx_word' id='word_1_127' title='bbox 1048 1007 1082 1036; x_wconf 84' lang='lat' dir='ltr'>et</span> <span class='ocrx_word' id='word_1_128' title='bbox 1106 1004 1285 1047; x_wconf 82' lang='lat' dir='ltr'>gravitate</span> <span class='ocrx_word' id='word_1_129' title='bbox 1310 1006 1489 1049; x_wconf 67' lang='lat' dir='ltr'>Asyndeto</span> 
     </span>
     <span class='ocr_line' id='line_1_15' title="bbox 127 1061 1491 1108; baseline 0.004 -15"><span class='ocrx_word' id='word_1_130' title='bbox 127 1061 250 1102; x_wconf 88' lang='lat' dir='ltr'>utitur,</span> <span class='ocrx_word' id='word_1_131' title='bbox 275 1065 315 1094; x_wconf 87' lang='lat' dir='ltr'>ut</span> <span class='ocrx_word' id='word_1_132' title='bbox 338 1073 429 1094; x_wconf 87' lang='lat' dir='ltr'>nune</span> <span class='ocrx_word' id='word_1_133' title='bbox 455 1073 599 1103; x_wconf 87' lang='lat' dir='ltr'>censeo,</span> <span class='ocrx_word' id='word_1_134' title='bbox 626 1062 734 1096; x_wconf 89' lang='lat' dir='ltr'>etiam</span> <span class='ocrx_word' id='word_1_135' title='bbox 760 1065 927 1107; x_wconf 69' lang='lat' dir='ltr'>Pyth.11‚</span> <span class='ocrx_word' id='word_1_136' title='bbox 945 1063 990 1096; x_wconf 76' lang='lat'>40</span> <span class='ocrx_word' id='word_1_137' title='bbox 1005 1076 1101 1108; x_wconf 82' lang='lat' dir='ltr'>seqq.</span> <span class='ocrx_word' id='word_1_138' title='bbox 1129 1066 1334 1098; x_wconf 81' lang='lat' dir='ltr'>describens</span> <span class='ocrx_word' id='word_1_139' title='bbox 1359 1066 1491 1099; x_wconf 78' lang='lat' dir='ltr'>ixionis</span> 
     </span>
     <span class='ocr_line' id='line_1_16' title="bbox 129 1121 1489 1171; baseline 0.004 -15"><span class='ocrx_word' id='word_1_140' title='bbox 129 1134 280 1166; x_wconf 71' lang='lat' dir='ltr'>poenasz</span> <span class='ocrx_word' id='word_1_141' title='bbox 306 1121 370 1157; x_wconf 84' lang='grc' dir='ltr'>τὸν</span> <span class='ocrx_word' id='word_1_142' title='bbox 392 1122 431 1157; x_wconf 71' lang='grc' dir='ltr'>δὲ</span> <span class='ocrx_word' id='word_1_143' title='bbox 454 1122 707 1167; x_wconf 73' lang='grc' dir='ltr'><strong><em>τετράκναμον</em></strong></span> <span class='ocrx_word' id='word_1_144' title='bbox 725 1124 857 1170; x_wconf 68' lang='grc' dir='ltr'><em>ἔπραξε</em></span> <span class='ocrx_word' id='word_1_145' title='bbox 885 1126 1017 1168; x_wconf 76' lang='grc' dir='ltr'><em>δεσμὸν</em></span> <span class='ocrx_word' id='word_1_146' title='bbox 1038 1125 1099 1159; x_wconf 70' lang='grc' dir='ltr'><em>ἑὸν</em></span> <span class='ocrx_word' id='word_1_147' title='bbox 1125 1124 1282 1171; x_wconf 82' lang='grc' dir='ltr'><em>ὄλεθρον</em></span> <span class='ocrx_word' id='word_1_148' title='bbox 1304 1125 1374 1170; x_wconf 78' lang='grc' dir='ltr'>ὅγ’·</span> <span class='ocrx_word' id='word_1_149' title='bbox 1401 1126 1438 1161; x_wconf 75' lang='grc' dir='ltr'>ἐν</span> <span class='ocrx_word' id='word_1_150' title='bbox 1457 1125 1489 1162; x_wconf 79' lang='grc' dir='ltr'>δ’</span> 
     </span>
     <span class='ocr_line' id='line_1_17' title="bbox 129 1183 1489 1232; baseline 0.003 -14"><span class='ocrx_word' id='word_1_151' title='bbox 129 1183 328 1228; x_wconf 68' lang='grc' dir='ltr'><em>ἀφύκτοισι</em></span> <span class='ocrx_word' id='word_1_152' title='bbox 358 1184 575 1228; x_wconf 78' lang='grc' dir='ltr'>γυιοπέδαις</span> <span class='ocrx_word' id='word_1_153' title='bbox 605 1184 727 1219; x_wconf 77' lang='grc' dir='ltr'><em>πεσών</em></span> <span class='ocrx_word' id='word_1_154' title='bbox 761 1186 828 1219; x_wconf 77' lang='grc' dir='ltr'>τὰν</span> <span class='ocrx_word' id='word_1_155' title='bbox 855 1185 1079 1219; x_wconf 79' lang='grc' dir='ltr'><em>πολύκοινον</em></span> <span class='ocrx_word' id='word_1_156' title='bbox 1104 1185 1272 1228; x_wconf 71' lang='grc' dir='ltr'><em>ἀνδέξατ’</em></span> <span class='ocrx_word' id='word_1_157' title='bbox 1306 1185 1489 1232; x_wconf 74' lang='grc' dir='ltr'><em>α’γγελίαν.</em></span> 
     </span>
     <span class='ocr_line' id='line_1_18' title="bbox 130 1244 1487 1291; baseline 0.002 -12"><span class='ocrx_word' id='word_1_158' title='bbox 130 1244 221 1279; x_wconf 78' lang='grc' dir='ltr'><em>ἄνευ</em></span> <span class='ocrx_word' id='word_1_159' title='bbox 239 1245 273 1279; x_wconf 75' lang='grc' dir='ltr'>οἶ</span> <span class='ocrx_word' id='word_1_160' title='bbox 285 1247 453 1291; x_wconf 82' lang='grc' dir='ltr'><em>Χαρίτων</em></span> <span class='ocrx_word' id='word_1_161' title='bbox 465 1245 564 1280; x_wconf 83' lang='grc' dir='ltr'><em>τέκεν</em></span> <span class='ocrx_word' id='word_1_162' title='bbox 584 1246 695 1289; x_wconf 81' lang='grc' dir='ltr'><em>γόνον</em></span> <span class='ocrx_word' id='word_1_163' title='bbox 712 1245 955 1291; x_wconf 79' lang='grc' dir='ltr'><em>ὑπερφίαλον,</em></span> <span class='ocrx_word' id='word_1_164' title='bbox 969 1246 1066 1290; x_wconf 84' lang='grc' dir='ltr'><em>μόνα</em></span> <span class='ocrx_word' id='word_1_165' title='bbox 1083 1248 1144 1282; x_wconf 81' lang='grc' dir='ltr'>καὶ</span> <span class='ocrx_word' id='word_1_166' title='bbox 1163 1248 1278 1291; x_wconf 89' lang='grc' dir='ltr'><em>μόνον</em></span> <span class='ocrx_word' id='word_1_167' title='bbox 1297 1252 1371 1283; x_wconf 80' lang='grc' dir='ltr'><em>κτλ.</em></span> <span class='ocrx_word' id='word_1_168' title='bbox 1399 1251 1487 1283; x_wconf 89' lang='lat' dir='ltr'>Sen-</span> 
     </span>
     <span class='ocr_line' id='line_1_19' title="bbox 130 1307 1490 1349; baseline 0.002 -10"><span class='ocrx_word' id='word_1_169' title='bbox 130 1317 207 1339; x_wconf 85' lang='lat' dir='ltr'>sus:</span> <span class='ocrx_word' id='word_1_170' title='bbox 238 1307 311 1340; x_wconf 83' lang='lat' dir='ltr'>Sed</span> <span class='ocrx_word' id='word_1_171' title='bbox 334 1311 448 1340; x_wconf 87' lang='lat' dir='ltr'>rotam</span> <span class='ocrx_word' id='word_1_172' title='bbox 473 1308 654 1341; x_wconf 79' lang='lat' dir='ltr'>infelicem</span> <span class='ocrx_word' id='word_1_173' title='bbox 678 1309 836 1341; x_wconf 85' lang='lat' dir='ltr'>lucratus</span> <span class='ocrx_word' id='word_1_174' title='bbox 859 1313 923 1349; x_wconf 76' lang='lat' dir='ltr'>est,</span> <span class='ocrx_word' id='word_1_175' title='bbox 948 1313 1167 1342; x_wconf 81' lang='lat' dir='ltr'>monstrosus</span> <span class='ocrx_word' id='word_1_176' title='bbox 1192 1309 1225 1342; x_wconf 90' lang='lat' dir='ltr'>ei</span> <span class='ocrx_word' id='word_1_177' title='bbox 1245 1311 1343 1343; x_wconf 87' lang='lat' dir='ltr'>filins</span> <span class='ocrx_word' id='word_1_178' title='bbox 1366 1315 1490 1348; x_wconf 77' lang='lat' dir='ltr'>natus;</span> 
     </span>
     <span class='ocr_line' id='line_1_20' title="bbox 131 1369 1491 1415; baseline 0.002 -14"><span class='ocrx_word' id='word_1_179' title='bbox 131 1370 319 1412; x_wconf 85' lang='lat' dir='ltr'>praeclara</span> <span class='ocrx_word' id='word_1_180' title='bbox 335 1381 415 1401; x_wconf 92' lang='lat' dir='ltr'>cum</span> <span class='ocrx_word' id='word_1_181' title='bbox 437 1369 484 1402; x_wconf 91' lang='lat' dir='ltr'>vi.</span> <span class='ocrx_word' id='word_1_182' title='bbox 516 1369 637 1403; x_wconf 79' lang='lat' dir='ltr'>Minus</span> <span class='ocrx_word' id='word_1_183' title='bbox 652 1374 747 1402; x_wconf 83' lang='lat' dir='ltr'>recte</span> <span class='ocrx_word' id='word_1_184' title='bbox 767 1370 799 1402; x_wconf 93' lang='lat' dir='ltr'>in</span> <span class='ocrx_word' id='word_1_185' title='bbox 820 1371 1084 1403; x_wconf 76' lang='lat' dir='ltr'>Commentario</span> <span class='ocrx_word' id='word_1_186' title='bbox 1102 1371 1304 1414; x_wconf 70' lang='lat' dir='ltr'>Asyndeton</span> <span class='ocrx_word' id='word_1_187' title='bbox 1326 1372 1491 1415; x_wconf 79' lang='lat' dir='ltr'>explicui.</span> 
     </span>
    </p>

    <p class='ocr_par' dir='ltr' id='par_1_3' title="bbox 108 1431 1502 2764">
     <span class='ocr_line' id='line_1_21' title="bbox 221 1431 1490 1474; baseline 0.001 -11"><span class='ocrx_word' id='word_1_188' title='bbox 221 1431 362 1463; x_wconf 84' lang='lat' dir='ltr'>Accedo</span> <span class='ocrx_word' id='word_1_189' title='bbox 387 1431 432 1463; x_wconf 84' lang='lat' dir='ltr'>ad</span> <span class='ocrx_word' id='word_1_190' title='bbox 457 1431 585 1463; x_wconf 89' lang='lat' dir='ltr'>aliud</span> <span class='ocrx_word' id='word_1_191' title='bbox 609 1443 764 1474; x_wconf 75' lang='lat' dir='ltr'>genus.</span> <span class='ocrx_word' id='word_1_192' title='bbox 813 1431 882 1463; x_wconf 86' lang='lat' dir='ltr'>Ubi</span> <span class='ocrx_word' id='word_1_193' title='bbox 915 1432 973 1464; x_wconf 79' lang='lat' dir='ltr'>liic</span> <span class='ocrx_word' id='word_1_194' title='bbox 998 1436 1050 1465; x_wconf 78' lang='lat' dir='ltr'>est</span> <span class='ocrx_word' id='word_1_195' title='bbox 1084 1444 1193 1465; x_wconf 82' lang='lat' dir='ltr'>nexus</span> <span class='ocrx_word' id='word_1_196' title='bbox 1216 1434 1376 1465; x_wconf 79' lang='lat' dir='ltr'>locorum</span> <span class='ocrx_word' id='word_1_197' title='bbox 1403 1435 1490 1466; x_wconf 88' lang='lat' dir='ltr'>duo—</span> 
     </span>
     <span class='ocr_line' id='line_1_22' title="bbox 131 1492 1491 1535; baseline 0.001 -10"><span class='ocrx_word' id='word_1_198' title='bbox 131 1503 223 1533; x_wconf 88' lang='lat' dir='ltr'>rum,</span> <span class='ocrx_word' id='word_1_199' title='bbox 249 1496 286 1525; x_wconf 90' lang='lat' dir='ltr'>ut</span> <span class='ocrx_word' id='word_1_200' title='bbox 311 1494 432 1525; x_wconf 85' lang='lat' dir='ltr'>alter</span> <span class='ocrx_word' id='word_1_201' title='bbox 456 1503 642 1525; x_wconf 84' lang='lat' dir='ltr'>cansam</span> <span class='ocrx_word' id='word_1_202' title='bbox 669 1497 711 1525; x_wconf 90' lang='lat' dir='ltr'>et</span> <span class='ocrx_word' id='word_1_203' title='bbox 730 1492 953 1525; x_wconf 67' lang='lat' dir='ltr'>rationem</span> <span class='ocrx_word' id='word_1_204' title='bbox 977 1493 1227 1535; x_wconf 76' lang='lat' dir='ltr'>contineat,</span> <span class='ocrx_word' id='word_1_205' title='bbox 1250 1496 1372 1528; x_wconf 85' lang='lat' dir='ltr'>alter</span> <span class='ocrx_word' id='word_1_206' title='bbox 1393 1506 1491 1527; x_wconf 85' lang='lat' dir='ltr'>con-</span> 
     </span>
     <span class='ocr_line' id='line_1_23' title="bbox 132 1554 1494 1597; baseline 0.001 -11"><span class='ocrx_word' id='word_1_207' title='bbox 132 1554 478 1597; x_wconf 85' lang='lat' dir='ltr'>sequutionem,</span> <span class='ocrx_word' id='word_1_208' title='bbox 504 1556 596 1587; x_wconf 82' lang='lat' dir='ltr'>alter</span> <span class='ocrx_word' id='word_1_209' title='bbox 621 1554 787 1597; x_wconf 81' lang='lat' dir='ltr'>protasis,</span> <span class='ocrx_word' id='word_1_210' title='bbox 814 1556 907 1587; x_wconf 85' lang='lat' dir='ltr'>alter</span> <span class='ocrx_word' id='word_1_211' title='bbox 931 1554 1096 1596; x_wconf 71' lang='lat' dir='ltr'>apodas-is</span> <span class='ocrx_word' id='word_1_212' title='bbox 1120 1555 1314 1589; x_wconf 79' lang='lat' dir='ltr'>sententiae</span> <span class='ocrx_word' id='word_1_213' title='bbox 1340 1556 1494 1589; x_wconf 79' lang='lat' dir='ltr'>alicuius</span> 
     </span>
     <span class='ocr_line' id='line_1_24' title="bbox 132 1613 1493 1660; baseline 0.001 -12"><span class='ocrx_word' id='word_1_214' title='bbox 132 1615 196 1657; x_wconf 80' lang='lat' dir='ltr'>sit,</span> <span class='ocrx_word' id='word_1_215' title='bbox 220 1615 361 1648; x_wconf 85' lang='lat' dir='ltr'>omissis</span> <span class='ocrx_word' id='word_1_216' title='bbox 384 1615 571 1658; x_wconf 85' lang='lat' dir='ltr'>particulis</span> <span class='ocrx_word' id='word_1_217' title='bbox 596 1614 692 1656; x_wconf 72' lang='grc' dir='ltr'><em>ἐπεί,</em></span> <span class='ocrx_word' id='word_1_218' title='bbox 719 1614 858 1658; x_wconf 75' lang='grc' dir='ltr'><em>ἐπειδή,</em></span> <span class='ocrx_word' id='word_1_219' title='bbox 883 1613 974 1658; x_wconf 76' lang='grc' dir='ltr'><em>γάρ,</em></span> <span class='ocrx_word' id='word_1_220' title='bbox 999 1615 1068 1647; x_wconf 89' lang='lat' dir='ltr'>duo</span> <span class='ocrx_word' id='word_1_221' title='bbox 1094 1616 1178 1648; x_wconf 80' lang='lat' dir='ltr'>novi</span> <span class='ocrx_word' id='word_1_222' title='bbox 1203 1617 1298 1649; x_wconf 88' lang='lat' dir='ltr'>modi</span> <span class='ocrx_word' id='word_1_223' title='bbox 1324 1618 1493 1660; x_wconf 72' lang='lat' dir='ltr'>Asyndeti</span> 
     </span>
     <span class='ocr_line' id='line_1_25' title="bbox 133 1675 1493 1722; baseline 0.001 -12"><span class='ocrx_word' id='word_1_224' title='bbox 133 1676 329 1710; x_wconf 85' lang='lat' dir='ltr'>adhibendi</span> <span class='ocrx_word' id='word_1_225' title='bbox 363 1676 515 1709; x_wconf 79' lang='lat' dir='ltr'>existunt</span> <span class='ocrx_word' id='word_1_226' title='bbox 546 1675 787 1716; x_wconf 80' lang='lat' dir='ltr'>usitatissimi,</span> <span class='ocrx_word' id='word_1_227' title='bbox 820 1681 925 1719; x_wconf 89' lang='lat' dir='ltr'>prout</span> <span class='ocrx_word' id='word_1_228' title='bbox 957 1676 1108 1719; x_wconf 87' lang='lat' dir='ltr'>protasis</span> <span class='ocrx_word' id='word_1_229' title='bbox 1141 1678 1396 1721; x_wconf 82' lang='lat' dir='ltr'>antapodosis</span> <span class='ocrx_word' id='word_1_230' title='bbox 1421 1679 1493 1722; x_wconf 85' lang='lat' dir='ltr'>pri-</span> 
     </span>
     <span class='ocr_line' id='line_1_26' title="bbox 133 1737 1492 1781; baseline -0.001 -10"><span class='ocrx_word' id='word_1_231' title='bbox 133 1749 231 1771; x_wconf 90' lang='lat' dir='ltr'>mum</span> <span class='ocrx_word' id='word_1_232' title='bbox 256 1739 376 1771; x_wconf 91' lang='lat' dir='ltr'>locum</span> <span class='ocrx_word' id='word_1_233' title='bbox 409 1742 571 1781; x_wconf 84' lang='lat' dir='ltr'>occupat.</span> <span class='ocrx_word' id='word_1_234' title='bbox 626 1737 854 1770; x_wconf 80' lang='lat' dir='ltr'>Ponamus</span> <span class='ocrx_word' id='word_1_235' title='bbox 887 1737 1077 1780; x_wconf 83' lang='lat' dir='ltr'>primum</span> <span class='ocrx_word' id='word_1_236' title='bbox 1110 1738 1243 1770; x_wconf 87' lang='lat' dir='ltr'>illud.</span> <span class='ocrx_word' id='word_1_237' title='bbox 1291 1739 1365 1770; x_wconf 81' lang='lat' dir='ltr'>Fac</span> <span class='ocrx_word' id='word_1_238' title='bbox 1399 1739 1492 1771; x_wconf 84' lang='lat' dir='ltr'>hane</span> 
     </span>
     <span class='ocr_line' id='line_1_27' title="bbox 131 1798 1495 1844; baseline 0 -12"><span class='ocrx_word' id='word_1_239' title='bbox 131 1800 207 1844; x_wconf 80' lang='lat' dir='ltr'>legi</span> <span class='ocrx_word' id='word_1_240' title='bbox 231 1799 461 1840; x_wconf 81' lang='lat' dir='ltr'>sententiam:</span> <span class='ocrx_word' id='word_1_241' title='bbox 497 1799 698 1832; x_wconf 87' lang='lat' dir='ltr'>Multorum</span> <span class='ocrx_word' id='word_1_242' title='bbox 723 1810 832 1841; x_wconf 90' lang='lat' dir='ltr'>quum</span> <span class='ocrx_word' id='word_1_243' title='bbox 854 1810 917 1830; x_wconf 83' lang='lat' dir='ltr'>rex</span> <span class='ocrx_word' id='word_1_244' title='bbox 941 1798 1009 1839; x_wconf 81' lang='lat' dir='ltr'>sis,</span> <span class='ocrx_word' id='word_1_245' title='bbox 1033 1800 1165 1831; x_wconf 89' lang='lat' dir='ltr'>multos</span> <span class='ocrx_word' id='word_1_246' title='bbox 1189 1799 1363 1831; x_wconf 77' lang='lat' dir='ltr'>dictorum</span> <span class='ocrx_word' id='word_1_247' title='bbox 1388 1804 1495 1832; x_wconf 74' lang='lat' dir='ltr'>testes</span> 
     </span>
     <span class='ocr_line' id='line_1_28' title="bbox 133 1859 1494 1903; baseline -0.002 -9"><span class='ocrx_word' id='word_1_248' title='bbox 133 1861 269 1900; x_wconf 81' lang='lat' dir='ltr'>habes;</span> <span class='ocrx_word' id='word_1_249' title='bbox 292 1860 393 1893; x_wconf 80' lang='lat' dir='ltr'>vides</span> <span class='ocrx_word' id='word_1_250' title='bbox 419 1860 490 1893; x_wconf 89' lang='lat' dir='ltr'>dici</span> <span class='ocrx_word' id='word_1_251' title='bbox 509 1871 610 1903; x_wconf 86' lang='lat' dir='ltr'>posse</span> <span class='ocrx_word' id='word_1_252' title='bbox 630 1860 740 1892; x_wconf 86' lang='lat' dir='ltr'>etiam</span> <span class='ocrx_word' id='word_1_253' title='bbox 765 1859 832 1891; x_wconf 85' lang='lat' dir='ltr'>sic:</span> <span class='ocrx_word' id='word_1_254' title='bbox 863 1859 1059 1890; x_wconf 82' lang='lat' dir='ltr'>Multorum</span> <span class='ocrx_word' id='word_1_255' title='bbox 1078 1870 1140 1890; x_wconf 84' lang='lat' dir='ltr'>rex</span> <span class='ocrx_word' id='word_1_256' title='bbox 1165 1870 1214 1900; x_wconf 71' lang='grc' dir='ltr'>οε,</span> <span class='ocrx_word' id='word_1_257' title='bbox 1231 1861 1361 1892; x_wconf 79' lang='lat' dir='ltr'>multos</span> <span class='ocrx_word' id='word_1_258' title='bbox 1380 1861 1494 1893; x_wconf 80' lang='lat' dir='ltr'>habes</span> 
     </span>
     <span class='ocr_line' id='line_1_29' title="bbox 108 1916 1495 1966; baseline -0.001 -11"><span class='ocrx_word' id='word_1_259' title='bbox 108 1916 113 1919; x_wconf 26' lang='grc' dir='ltr'><strong>Δ</strong></span> <span class='ocrx_word' id='word_1_260' title='bbox 134 1925 260 1964; x_wconf 78' lang='lat' dir='ltr'>testes,</span> <span class='ocrx_word' id='word_1_261' title='bbox 283 1925 322 1954; x_wconf 87' lang='lat' dir='ltr'>ut</span> <span class='ocrx_word' id='word_1_262' title='bbox 345 1922 502 1954; x_wconf 81' lang='lat' dir='ltr'>hahetur</span> <span class='ocrx_word' id='word_1_263' title='bbox 527 1921 630 1965; x_wconf 75' lang='lat' dir='ltr'>Pyth.</span> <span class='ocrx_word' id='word_1_264' title='bbox 657 1921 684 1962; x_wconf 90' lang='lat'>1,</span> <span class='ocrx_word' id='word_1_265' title='bbox 711 1919 776 1952; x_wconf 83' lang='lat'>88:</span> <span class='ocrx_word' id='word_1_266' title='bbox 803 1920 947 1952; x_wconf 80' lang='grc' dir='ltr'><em>πολλῶν</em></span> <span class='ocrx_word' id='word_1_267' title='bbox 969 1921 1102 1962; x_wconf 79' lang='grc' dir='ltr'><em>ταμίας</em></span> <span class='ocrx_word' id='word_1_268' title='bbox 1127 1918 1220 1952; x_wconf 76' lang='grc' dir='ltr'><em>ἐσσί·</em></span> <span class='ocrx_word' id='word_1_269' title='bbox 1247 1921 1376 1954; x_wconf 78' lang='grc' dir='ltr'><em>πολλοὶ</em></span> <span class='ocrx_word' id='word_1_270' title='bbox 1400 1922 1495 1966; x_wconf 72' lang='grc' dir='ltr'><em>μοῖρ-</em></span> 
     </span>
     <span class='ocr_line' id='line_1_30' title="bbox 134 1980 1496 2028; baseline -0.002 -11"><span class='ocrx_word' id='word_1_271' title='bbox 134 1995 242 2028; x_wconf 83' lang='grc' dir='ltr'><em>τνρες</em></span> <span class='ocrx_word' id='word_1_272' title='bbox 266 1980 489 2027; x_wconf 72' lang='grc' dir='ltr'><em>ἅμφοτέροις</em></span> <span class='ocrx_word' id='word_1_273' title='bbox 511 1983 648 2016; x_wconf 82' lang='grc' dir='ltr'><em>πιστοί.</em></span> <span class='ocrx_word' id='word_1_274' title='bbox 685 1983 799 2024; x_wconf 85' lang='lat' dir='ltr'>Atque</span> <span class='ocrx_word' id='word_1_275' title='bbox 824 1981 893 2013; x_wconf 88' lang='lat' dir='ltr'>hoc</span> <span class='ocrx_word' id='word_1_276' title='bbox 918 1991 1033 2024; x_wconf 81' lang='lat' dir='ltr'>genus</span> <span class='ocrx_word' id='word_1_277' title='bbox 1056 1980 1162 2013; x_wconf 80' lang='lat' dir='ltr'>valde</span> <span class='ocrx_word' id='word_1_278' title='bbox 1192 1985 1289 2013; x_wconf 81' lang='lat' dir='ltr'>amat</span> <span class='ocrx_word' id='word_1_279' title='bbox 1309 1982 1496 2023; x_wconf 77' lang='lat' dir='ltr'>Pindarus,</span> 
     </span>
     <span class='ocr_line' id='line_1_31' title="bbox 135 2041 1498 2085; baseline -0.001 -7"><span class='ocrx_word' id='word_1_280' title='bbox 135 2050 209 2079; x_wconf 85' lang='lat' dir='ltr'>tum</span> <span class='ocrx_word' id='word_1_281' title='bbox 241 2044 276 2077; x_wconf 92' lang='lat' dir='ltr'>in</span> <span class='ocrx_word' id='word_1_282' title='bbox 309 2043 391 2077; x_wconf 84' lang='lat' dir='ltr'>aliis</span> <span class='ocrx_word' id='word_1_283' title='bbox 422 2044 530 2076; x_wconf 85' lang='lat' dir='ltr'>rebus</span> <span class='ocrx_word' id='word_1_284' title='bbox 561 2046 637 2075; x_wconf 91' lang='lat' dir='ltr'>tum</span> <span class='ocrx_word' id='word_1_285' title='bbox 669 2043 703 2075; x_wconf 91' lang='lat' dir='ltr'>in</span> <span class='ocrx_word' id='word_1_286' title='bbox 729 2041 930 2074; x_wconf 81' lang='lat' dir='ltr'>hortatione</span> <span class='ocrx_word' id='word_1_287' title='bbox 960 2052 1001 2073; x_wconf 85' lang='lat' dir='ltr'>eo</span> <span class='ocrx_word' id='word_1_288' title='bbox 1036 2045 1156 2078; x_wconf 67' lang='lat' dir='ltr'>utem,</span> <span class='ocrx_word' id='word_1_289' title='bbox 1191 2041 1254 2073; x_wconf 89' lang='lat' dir='ltr'>ubi</span> <span class='ocrx_word' id='word_1_290' title='bbox 1290 2042 1498 2085; x_wconf 83' lang='lat' dir='ltr'>praemissis</span> 
     </span>
     <span class='ocr_line' id='line_1_32' title="bbox 136 2100 1497 2143; baseline -0.002 -3"><span class='ocrx_word' id='word_1_291' title='bbox 136 2105 319 2140; x_wconf 82' lang='lat' dir='ltr'>sententiis</span> <span class='ocrx_word' id='word_1_292' title='bbox 342 2117 379 2138; x_wconf 85' lang='lat' dir='ltr'>se</span> <span class='ocrx_word' id='word_1_293' title='bbox 405 2105 463 2137; x_wconf 88' lang='lat' dir='ltr'>vel</span> <span class='ocrx_word' id='word_1_294' title='bbox 488 2104 599 2136; x_wconf 86' lang='lat' dir='ltr'>alium</span> <span class='ocrx_word' id='word_1_295' title='bbox 622 2104 798 2136; x_wconf 85' lang='lat' dir='ltr'>hortatur.</span> <span class='ocrx_word' id='word_1_296' title='bbox 848 2103 903 2135; x_wconf 89' lang='lat'>01.</span> <span class='ocrx_word' id='word_1_297' title='bbox 931 2103 959 2143; x_wconf 86' lang='grc' dir='ltr'>Ι,</span> <span class='ocrx_word' id='word_1_298' title='bbox 983 2102 1066 2135; x_wconf 80' lang='lat'>113:</span> <span class='ocrx_word' id='word_1_299' title='bbox 1094 2101 1147 2136; x_wconf 80' lang='grc' dir='ltr'>ἐπ’</span> <span class='ocrx_word' id='word_1_300' title='bbox 1173 2100 1312 2136; x_wconf 72' lang='grc' dir='ltr'><em>ἄλλοισι</em></span> <span class='ocrx_word' id='word_1_301' title='bbox 1339 2101 1369 2136; x_wconf 78' lang='grc' dir='ltr'>δ’</span> <span class='ocrx_word' id='word_1_302' title='bbox 1394 2101 1497 2138; x_wconf 73' lang='grc' dir='ltr'><em>ἄλλοι</em></span> 
     </span>
     <span class='ocr_line' id='line_1_33' title="bbox 135 2162 1497 2212; baseline -0.003 -10"><span class='ocrx_word' id='word_1_303' title='bbox 135 2166 304 2212; x_wconf 77' lang='grc' dir='ltr'><em>μεγάλοι·</em></span> <span class='ocrx_word' id='word_1_304' title='bbox 338 2166 381 2201; x_wconf 85' lang='grc' dir='ltr'><em>τὸ</em></span> <span class='ocrx_word' id='word_1_305' title='bbox 416 2163 449 2198; x_wconf 82' lang='grc' dir='ltr'>δ’</span> <span class='ocrx_word' id='word_1_306' title='bbox 473 2163 624 2208; x_wconf 75' lang='grc' dir='ltr'><em>ἔσχατον</em></span> <span class='ocrx_word' id='word_1_307' title='bbox 649 2164 879 2208; x_wconf 79' lang='grc' dir='ltr'><em>κορυφοῦται</em></span> <span class='ocrx_word' id='word_1_308' title='bbox 913 2164 1111 2207; x_wconf 82' lang='grc' dir='ltr'><em>βασιλεῦσι.</em></span> <span class='ocrx_word' id='word_1_309' title='bbox 1159 2162 1286 2207; x_wconf 81' lang='grc' dir='ltr'><em>μηκέτι</em></span> <span class='ocrx_word' id='word_1_310' title='bbox 1309 2163 1497 2198; x_wconf 80' lang='grc' dir='ltr'><em>πάπταινε</em></span> 
     </span>
     <span class='ocr_line' id='line_1_34' title="bbox 137 2219 1494 2275; baseline -0.004 -11"><span class='ocrx_word' id='word_1_311' title='bbox 137 2230 305 2275; x_wconf 88' lang='grc' dir='ltr'><em>πόρσιον.</em></span> <span class='ocrx_word' id='word_1_312' title='bbox 339 2229 396 2262; x_wconf 87' lang='grc'>01.</span> <span class='ocrx_word' id='word_1_313' title='bbox 415 2227 476 2260; x_wconf 87' lang='lat'>111.</span> <span class='ocrx_word' id='word_1_314' title='bbox 495 2226 580 2259; x_wconf 82' lang='lat' dir='ltr'>fin.=</span> <span class='ocrx_word' id='word_1_315' title='bbox 604 2223 646 2259; x_wconf 82' lang='grc' dir='ltr'><em>τὸ</em></span> <span class='ocrx_word' id='word_1_316' title='bbox 671 2223 798 2270; x_wconf 83' lang='grc' dir='ltr'><em>πόρσω</em></span> <span class='ocrx_word' id='word_1_317' title='bbox 813 2219 854 2258; x_wconf 52' lang='grc' dir='ltr'>’δ’</span> <span class='ocrx_word' id='word_1_318' title='bbox 882 2223 955 2258; x_wconf 69' lang='grc' dir='ltr'><em>ἔστι</em></span> <span class='ocrx_word' id='word_1_319' title='bbox 980 2227 1112 2266; x_wconf 83' lang='grc' dir='ltr'><em>σοφοῖς</em></span> <span class='ocrx_word' id='word_1_320' title='bbox 1135 2223 1276 2269; x_wconf 77' lang='grc' dir='ltr'><em>α”βατον</em></span> <span class='ocrx_word' id='word_1_321' title='bbox 1300 2221 1494 2268; x_wconf 71' lang='grc' dir='ltr'><em>κάσόφοις·</em></span> 
     </span>
     <span class='ocr_line' id='line_1_35' title="bbox 138 2284 1499 2335; baseline -0.002 -11"><span class='ocrx_word' id='word_1_322' title='bbox 138 2289 184 2326; x_wconf 77' lang='grc' dir='ltr'>οὔ</span> <span class='ocrx_word' id='word_1_323' title='bbox 208 2303 271 2335; x_wconf 84' lang='grc' dir='ltr'>μιν</span> <span class='ocrx_word' id='word_1_324' title='bbox 295 2287 426 2330; x_wconf 78' lang='grc' dir='ltr'><em>διώξω.</em></span> <span class='ocrx_word' id='word_1_325' title='bbox 473 2288 576 2321; x_wconf 76' lang='lat' dir='ltr'>Nem.</span> <span class='ocrx_word' id='word_1_326' title='bbox 601 2287 659 2327; x_wconf 75' lang='lat' dir='ltr'>IV,</span> <span class='ocrx_word' id='word_1_327' title='bbox 682 2285 745 2319; x_wconf 77' lang='lat'>69:</span> <span class='ocrx_word' id='word_1_328' title='bbox 774 2286 964 2330; x_wconf 76' lang='grc' dir='ltr'><em>Γαδείρων</em></span> <span class='ocrx_word' id='word_1_329' title='bbox 988 2284 1029 2319; x_wconf 85' lang='grc' dir='ltr'><em>τὸ</em></span> <span class='ocrx_word' id='word_1_330' title='bbox 1056 2284 1149 2329; x_wconf 80' lang='grc' dir='ltr'><em>πρὸς</em></span> <span class='ocrx_word' id='word_1_331' title='bbox 1174 2284 1289 2330; x_wconf 82' lang='grc' dir='ltr'><em>ζόφον</em></span> <span class='ocrx_word' id='word_1_332' title='bbox 1314 2286 1359 2321; x_wconf 85' lang='grc' dir='ltr'>ου’</span> <span class='ocrx_word' id='word_1_333' title='bbox 1382 2300 1499 2333; x_wconf 76' lang='grc' dir='ltr'><em>περα-</em></span> 
     </span>
     <span class='ocr_line' id='line_1_36' title="bbox 138 2343 1500 2396; baseline -0.004 -9"><span class='ocrx_word' id='word_1_334' title='bbox 138 2351 227 2387; x_wconf 87' lang='grc' dir='ltr'><em>τόν·</em></span> <span class='ocrx_word' id='word_1_335' title='bbox 260 2349 446 2396; x_wconf 74' lang='grc' dir='ltr'><em>ἀπότρεπε</em></span> <span class='ocrx_word' id='word_1_336' title='bbox 471 2343 576 2387; x_wconf 62' lang='lat' dir='ltr'>ming</span> <span class='ocrx_word' id='word_1_337' title='bbox 600 2345 788 2392; x_wconf 75' lang='grc' dir='ltr'><em>Εὐρώπαν</em></span> <span class='ocrx_word' id='word_1_338' title='bbox 817 2348 904 2381; x_wconf 85' lang='grc' dir='ltr'><em>ποτὶ</em></span> <span class='ocrx_word' id='word_1_339' title='bbox 929 2346 1057 2391; x_wconf 75' lang='grc' dir='ltr'><em>χέρσον</em></span> <span class='ocrx_word' id='word_1_340' title='bbox 1083 2346 1188 2381; x_wconf 71' lang='grc' dir='ltr'><em>ἔντεα</em></span> <span class='ocrx_word' id='word_1_341' title='bbox 1211 2347 1313 2388; x_wconf 83' lang='grc' dir='ltr'><em>ναός.</em></span> <span class='ocrx_word' id='word_1_342' title='bbox 1361 2351 1500 2384; x_wconf 77' lang='lat' dir='ltr'>Eodem</span> 
     </span>
     <span class='ocr_line' id='line_1_37' title="bbox 139 2408 1500 2458; baseline -0.004 -11"><span class='ocrx_word' id='word_1_343' title='bbox 139 2412 294 2458; x_wconf 82' lang='lat' dir='ltr'>pertinet</span> <span class='ocrx_word' id='word_1_344' title='bbox 316 2411 401 2445; x_wconf 87' lang='lat' dir='ltr'>ibid.</span> <span class='ocrx_word' id='word_1_345' title='bbox 427 2423 463 2444; x_wconf 82' lang='lat' dir='ltr'>v.</span> <span class='ocrx_word' id='word_1_346' title='bbox 477 2409 545 2451; x_wconf 58' lang='lat'>85„</span> <span class='ocrx_word' id='word_1_347' title='bbox 570 2409 633 2442; x_wconf 88' lang='lat' dir='ltr'>ubi</span> <span class='ocrx_word' id='word_1_348' title='bbox 656 2410 739 2442; x_wconf 79' lang='lat' dir='ltr'>vide</span> <span class='ocrx_word' id='word_1_349' title='bbox 756 2408 1072 2442; x_wconf 85' lang='lat' dir='ltr'>Commentarium.</span> <span class='ocrx_word' id='word_1_350' title='bbox 1105 2409 1219 2441; x_wconf 87' lang='lat' dir='ltr'>Porro</span> <span class='ocrx_word' id='word_1_351' title='bbox 1238 2411 1328 2443; x_wconf 86' lang='lat' dir='ltr'>adde</span> <span class='ocrx_word' id='word_1_352' title='bbox 1345 2411 1446 2444; x_wconf 82' lang='lat' dir='ltr'>Nem.</span> <span class='ocrx_word' id='word_1_353' title='bbox 1460 2412 1500 2450; x_wconf 84' lang='lat' dir='ltr'>V,</span> 
     </span>
     <span class='ocr_line' id='line_1_38' title="bbox 140 2470 1501 2514; baseline -0.001 -7"><span class='ocrx_word' id='word_1_354' title='bbox 140 2473 197 2507; x_wconf 85' lang='lat'>14.</span> <span class='ocrx_word' id='word_1_355' title='bbox 220 2474 348 2507; x_wconf 83' lang='lat' dir='ltr'>Isthm.</span> <span class='ocrx_word' id='word_1_356' title='bbox 365 2473 411 2513; x_wconf 89' lang='lat'>11,</span> <span class='ocrx_word' id='word_1_357' title='bbox 427 2471 496 2512; x_wconf 57' lang='grc' dir='ltr'>ΓΔ,</span> <span class='ocrx_word' id='word_1_358' title='bbox 520 2471 582 2504; x_wconf 93' lang='lat' dir='ltr'>ubi</span> <span class='ocrx_word' id='word_1_359' title='bbox 606 2471 687 2504; x_wconf 89' lang='lat' dir='ltr'>vide</span> <span class='ocrx_word' id='word_1_360' title='bbox 713 2470 1000 2514; x_wconf 79' lang='lat' dir='ltr'>explicationem,</span> <span class='ocrx_word' id='word_1_361' title='bbox 1026 2472 1061 2503; x_wconf 87' lang='lat' dir='ltr'>et</span> <span class='ocrx_word' id='word_1_362' title='bbox 1083 2470 1208 2506; x_wconf 85' lang='lat' dir='ltr'>Isthm.</span> <span class='ocrx_word' id='word_1_363' title='bbox 1227 2473 1284 2513; x_wconf 78' lang='lat' dir='ltr'>w,</span> <span class='ocrx_word' id='word_1_364' title='bbox 1302 2472 1357 2504; x_wconf 78' lang='lat'>39.</span> <span class='ocrx_word' id='word_1_365' title='bbox 1387 2473 1501 2505; x_wconf 86' lang='lat' dir='ltr'>Prae-</span> 
     </span>
     <span class='ocr_line' id='line_1_39' title="bbox 142 2528 1502 2577; baseline -0.001 -9"><span class='ocrx_word' id='word_1_366' title='bbox 142 2539 241 2568; x_wconf 77' lang='lat' dir='ltr'>terea</span> <span class='ocrx_word' id='word_1_367' title='bbox 264 2534 389 2568; x_wconf 81' lang='lat' dir='ltr'>confer</span> <span class='ocrx_word' id='word_1_368' title='bbox 411 2534 538 2567; x_wconf 83' lang='lat' dir='ltr'>Isthm.</span> <span class='ocrx_word' id='word_1_369' title='bbox 557 2534 604 2575; x_wconf 82' lang='lat'>11,</span> <span class='ocrx_word' id='word_1_370' title='bbox 623 2532 685 2565; x_wconf 82' lang='lat'>35:</span> <span class='ocrx_word' id='word_1_371' title='bbox 710 2531 833 2577; x_wconf 77' lang='grc' dir='ltr'><em>μακρὰ</em></span> <span class='ocrx_word' id='word_1_372' title='bbox 858 2530 1049 2575; x_wconf 80' lang='grc' dir='ltr'><em>δισκήσαις</em></span> <span class='ocrx_word' id='word_1_373' title='bbox 1072 2528 1339 2576; x_wconf 71' lang='grc' dir='ltr'><em>ἀκοντίσσαιμι,</em></span> <span class='ocrx_word' id='word_1_374' title='bbox 1364 2534 1502 2566; x_wconf 83' lang='lat' dir='ltr'>utinam</span> 
     </span>
     <span class='ocr_line' id='line_1_40' title="bbox 142 2592 1501 2640; baseline -0.001 -12"><span class='ocrx_word' id='word_1_375' title='bbox 142 2595 255 2640; x_wconf 83' lang='lat' dir='ltr'>igitur</span> <span class='ocrx_word' id='word_1_376' title='bbox 278 2595 424 2638; x_wconf 81' lang='lat' dir='ltr'>possim,</span> <span class='ocrx_word' id='word_1_377' title='bbox 455 2596 565 2640; x_wconf 72' lang='lat' dir='ltr'>Pyth.</span> <span class='ocrx_word' id='word_1_378' title='bbox 590 2595 648 2636; x_wconf 87' lang='lat' dir='ltr'>lv,</span> <span class='ocrx_word' id='word_1_379' title='bbox 671 2593 750 2627; x_wconf 76' lang='lat'><strong>276.</strong></span> <span class='ocrx_word' id='word_1_380' title='bbox 775 2594 907 2634; x_wconf 79' lang='grc' dir='ltr'><em>τλᾶθι,</em></span> <span class='ocrx_word' id='word_1_381' title='bbox 941 2592 1082 2636; x_wconf 83' lang='lat' dir='ltr'>suscipe</span> <span class='ocrx_word' id='word_1_382' title='bbox 1104 2592 1235 2637; x_wconf 73' lang='lat' dir='ltr'>igitur,</span> <span class='ocrx_word' id='word_1_383' title='bbox 1267 2593 1390 2626; x_wconf 76' lang='lat' dir='ltr'>Isthm.</span> <span class='ocrx_word' id='word_1_384' title='bbox 1416 2595 1444 2635; x_wconf 86' lang='lat' dir='ltr'>I,</span> <span class='ocrx_word' id='word_1_385' title='bbox 1468 2593 1501 2626; x_wconf 85' lang='lat'>6.</span> 
     </span>
     <span class='ocr_line' id='line_1_41' title="bbox 144 2653 1499 2701; baseline -0.002 -10"><span class='ocrx_word' id='word_1_386' title='bbox 144 2654 259 2699; x_wconf 80' lang='grc' dir='ltr'><em>εἶξον,</em></span> <span class='ocrx_word' id='word_1_387' title='bbox 282 2657 369 2690; x_wconf 79' lang='lat' dir='ltr'>cede</span> <span class='ocrx_word' id='word_1_388' title='bbox 392 2657 520 2701; x_wconf 83' lang='lat' dir='ltr'>igitur,</span> <span class='ocrx_word' id='word_1_389' title='bbox 550 2657 653 2690; x_wconf 83' lang='lat' dir='ltr'>Nem.</span> <span class='ocrx_word' id='word_1_390' title='bbox 677 2656 760 2697; x_wconf 81' lang='lat' dir='ltr'>Vll,</span> <span class='ocrx_word' id='word_1_391' title='bbox 784 2655 840 2688; x_wconf 81' lang='lat'>75.</span> <span class='ocrx_word' id='word_1_392' title='bbox 875 2654 917 2689; x_wconf 74' lang='grc' dir='ltr'>ἔα</span> <span class='ocrx_word' id='word_1_393' title='bbox 938 2666 995 2698; x_wconf 85' lang='grc' dir='ltr'>με,</span> <span class='ocrx_word' id='word_1_394' title='bbox 1019 2653 1094 2687; x_wconf 84' lang='lat' dir='ltr'>sine</span> <span class='ocrx_word' id='word_1_395' title='bbox 1120 2665 1178 2687; x_wconf 91' lang='lat' dir='ltr'>me</span> <span class='ocrx_word' id='word_1_396' title='bbox 1201 2653 1325 2699; x_wconf 85' lang='lat' dir='ltr'>igitur,</span> <span class='ocrx_word' id='word_1_397' title='bbox 1351 2654 1415 2696; x_wconf 82' lang='lat' dir='ltr'>lx,</span> <span class='ocrx_word' id='word_1_398' title='bbox 1437 2653 1499 2688; x_wconf 86' lang='lat'>50:</span> 
     </span>
     <span class='ocr_line' id='line_1_42' title="bbox 146 2712 1501 2764; baseline -0.004 -12"><span class='ocrx_word' id='word_1_399' title='bbox 146 2717 347 2764; x_wconf 77' lang='grc' dir='ltr'><em>ἐγκιρνάτω</em></span> <span class='ocrx_word' id='word_1_400' title='bbox 371 2720 426 2759; x_wconf 77' lang='grc' dir='ltr'><em>τίς</em></span> <span class='ocrx_word' id='word_1_401' title='bbox 447 2731 523 2762; x_wconf 87' lang='grc' dir='ltr'><em>μιν,</em></span> <span class='ocrx_word' id='word_1_402' title='bbox 547 2718 697 2751; x_wconf 83' lang='lat' dir='ltr'>misceto</span> <span class='ocrx_word' id='word_1_403' title='bbox 720 2717 831 2762; x_wconf 85' lang='lat' dir='ltr'>igitur</span> <span class='ocrx_word' id='word_1_404' title='bbox 855 2715 976 2750; x_wconf 76' lang='lat' dir='ltr'>statim</span> <span class='ocrx_word' id='word_1_405' title='bbox 999 2715 1141 2759; x_wconf 80' lang='lat' dir='ltr'>aliquis,</span> <span class='ocrx_word' id='word_1_406' title='bbox 1164 2714 1350 2758; x_wconf 83' lang='lat' dir='ltr'>Pyth.111‚</span> <span class='ocrx_word' id='word_1_407' title='bbox 1370 2713 1426 2747; x_wconf 87' lang='grc'>61.</span> <span class='ocrx_word' id='word_1_408' title='bbox 1452 2712 1501 2758; x_wconf 84' lang='grc' dir='ltr'>μὴ</span> 
     </span>
    </p>
   </div>
  </div>
 </body>
</html>
