1751 2986
1387 134 1520 163 Lxxvn

160 221 208 259 λα
229 235 268 259 τε
291 221 442 269 κατήκει
465 225 534 269 τῆς
557 223 690 264 οἰκίας,
728 219 789 259 ὅτε
817 221 989 265 ἐτίκτετο,
1012 223 1075 259 και
1097 223 1275 269 τύμπανα
1297 222 1457 270 η’κούετο
1482 225 1522 263 ἐκ

159 283 278 327 Ρέας,
301 288 338 320 et
360 297 451 330 quae
475 287 678 329 sequuntur.

249 346 366 392 Igitur
388 346 536 391 plurimi
559 356 647 389 apes
670 345 862 380 nutrivisse
886 346 1081 380 Pindarum
1104 347 1332 388 fabulantur3
1357 349 1438 391 alii,
1463 350 1522 393 qui

161 408 414 443 incredibilem
454 419 533 442 rem
565 407 611 441 ad
642 407 936 451 probabilitatem
976 409 1156 452 quandam
1194 409 1374 443 redacturi
1410 415 1524 454 erant,

159 471 365 503 maluerunt
398 481 462 514 per
495 469 673 502 somnium
705 473 834 512 poetae
872 479 954 502 eam
978 470 1137 513 speciem
1168 470 1337 503 divinitus
1362 472 1523 506 oblatam

160 542 257 565 esse:
290 531 453 575 utrique,
487 534 526 564 ut
557 532 741 564 voluntate
770 531 919 563 deorum
944 531 990 564 ad
1024 532 1216 576 pangenda
1239 532 1401 565 carmina
1424 527 1523 566 insti—

159 596 287 638 gatum
317 592 430 626 fuisse
461 595 606 636 poetam
631 592 867 625 declararent.
927 592 968 625 In
992 592 1122 635 quibus
1145 593 1328 637 figmentis
1352 594 1442 627 illud
1464 605 1524 628 me

159 665 304 698 semper
338 655 435 688 male
458 654 606 695 habuit,
638 664 700 686 eur
725 654 769 686 de
793 653 950 686 Pindaro
983 655 1071 688 talia
1101 654 1259 687 fabulari
1284 655 1465 687 veteribus
1488 655 1524 689 in

159 719 317 749 mentem
339 715 514 755 venisset,
548 715 619 747 hoc
654 718 707 747 est
738 714 782 746 de
808 724 850 746 eo
884 719 1009 757 poeta,
1042 715 1194 758 quinon
1225 719 1300 748 tam
1332 717 1377 749 ob
1402 716 1525 750 melli-

159 778 236 810 tam
258 775 425 818 loquelae
451 775 690 817 dulcedinem,
715 785 823 817 quam
849 775 894 807 ob
920 786 960 808 os
984 777 1259 820 grandiloquum
1286 780 1321 810 et
1345 778 1524 821 gloriare-

159 839 218 871 tur
238 835 317 880 ipse
341 840 377 870 et
400 840 494 870 esset
516 837 552 870 in
576 837 714 870 honore
738 836 938 869 hominum.
985 837 1158 871 Novimus
1183 839 1404 879 Homerum,
1427 839 1525 873 Ana-

159 902 365 941 creontem,
389 899 580 939 Erinnam,
603 897 792 931 Nossidem
808 898 857 941 ⁹),
882 897 974 931 alios
997 903 1122 941 poetas
1157 903 1261 941 atque
1286 899 1444 941 poetrias
1468 904 1525 934 at-

159 970 228 1003 que
257 959 376 1002 ipsum
410 959 598 992 Platonem
639 958 817 992 suavitate
858 958 1031 992 sermonis
1072 957 1126 991 sui
1161 959 1335 993 eiusmodi
1371 961 1526 996 fabellas

160 1031 398 1065 provocasse3
432 1020 516 1053 vide
549 1020 841 1053 VVelckerum
876 1020 922 1053 ad
948 1020 1114 1053 l’hilostr.
1150 1021 1174 1053 l.
1201 1032 1230 1054 c.
1290 1022 1320 1055 li
1353 1023 1448 1055 enim
1481 1035 1525 1057 ex

160 1081 226 1116 illa
249 1081 381 1115 virtute
405 1081 640 1114 censebantur
665 1080 851 1124 primaria.
908 1081 1013 1124 Quod
1037 1093 1106 1114 non
1133 1083 1229 1116 cadit
1258 1083 1293 1116 in
1319 1083 1524 1118 Pindarum.

160 1143 293 1176 Dicam
323 1142 452 1188 igitur,
485 1142 569 1186 quid
601 1143 765 1175 sentiam.
820 1142 934 1175 Poeta
969 1154 1034 1186 per
1057 1144 1217 1176 carmina
1249 1155 1357 1188 saepe
1389 1157 1427 1178 se
1451 1148 1524 1180 mel

161 1203 519 1248 mittereflvictoribus
546 1203 597 1237 ait
622 1204 682 1237 vel
707 1203 873 1237 similiter
894 1208 1062 1247 poemata
1077 1215 1143 1238 sua
1161 1216 1242 1238 cum
1266 1216 1375 1249 apum
1397 1207 1523 1240 labore

162 1269 360 1310 comparat.
407 1265 540 1299 Confer
563 1265 708 1309 Olymp.
734 1267 776 1304 X,
799 1263 832 1297 4.
860 1266 964 1309 Pyth.
992 1267 1057 1307 111,
1081 1265 1136 1299 64.
1170 1266 1227 1300 01.
1252 1268 1314 1308 XI,
1339 1267 1394 1300 97.
1420 1268 1523 1301 Nem.

160 1328 225 1369 111,
249 1327 305 1361 76.
361 1328 434 1363 Sed
456 1339 501 1360 ne
525 1338 568 1359 ex
591 1326 669 1360 istis
694 1326 838 1369 quidem
862 1327 950 1360 locis
984 1326 1095 1360 fuisse
1122 1328 1336 1361 conficturos
1359 1328 1525 1363 fabulam

162 1388 387 1422 crediderim.
446 1388 542 1422 Illud
573 1387 691 1431 potius
725 1388 859 1422 dictum
892 1387 1070 1433 originem
1099 1388 1248 1423 fabulae
1281 1390 1396 1433 dedit,
1431 1391 1524 1435 quod

162 1453 217 1485 eet
239 1449 284 1484 fr.
310 1450 379 1484 inc.
404 1449 490 1483 163:

343 1508 811 1545 Μελισσοτεύκτων
842 1511 1034 1555 κηρίων

252 1567 344 1614 ἐμὰ
378 1569 766 1616 γλυκερώτερος
791 1569 928 1615 ὄμφοέ
947 1573 1016 1616 ¹⁰).

251 1631 420 1665 Ceterum
435 1632 470 1666 in
491 1644 534 1666 eo
551 1644 727 1678 agnoscas
744 1634 969 1678 ingeniosam
984 1634 1220 1669 subtilitatem
1239 1640 1414 1679 veterum,
1431 1638 1525 1680 quod

161 1693 301 1728 Thebis
332 1694 513 1737 Thespias
544 1695 642 1728 eunti
674 1697 733 1729 vel
765 1696 860 1729 circa
884 1696 1098 1730 Heliconem
1130 1697 1274 1731 venanti
1309 1698 1397 1732 illud
1428 1699 1525 1732 acci—

187 1777 222 1819 9)
247 1776 376 1809 Eadem
408 1777 441 1809 in
474 1778 656 1821 Virgilium
702 1780 884 1812 transtulit
926 1781 1177 1813 Grammaticus
1209 1781 1353 1814 Anthol.
1387 1782 1464 1813 Lat.
1498 1784 1524 1816 1.

254 1835 288 1865 p.
314 1823 393 1863 365,
417 1822 472 1855 29.

167 1868 225 1912 ¹0)
250 1868 425 1911 Opinabar
457 1868 644 1912 aliquando
670 1869 765 1901 aliud
792 1881 926 1901 carmen
953 1871 987 1901 in
1013 1882 1117 1903 causa
1142 1871 1268 1910 fuisse,
1305 1883 1365 1903 cur
1390 1878 1524 1903 veteres

253 1924 390 1946 suavem
424 1915 659 1945 narrationem
701 1915 734 1946 in
771 1915 953 1947 Pindarum
995 1916 1107 1958 ipsum
1146 1917 1330 1947 referrent.
1390 1917 1525 1947 Etenim

260 1958 429 2003 Didymus
463 1960 497 1991 in
525 1959 620 1992 libris
654 1958 856 2003 ἐξηγήσεως
880 1960 1107 2005 Πινδαρικῆς
1141 1961 1233 2004 apud
1257 1961 1525 1993 Lactant.1nst.

253 2005 687 2047 Div.1‚22.n.1r1ue1at
722 2007 926 2047 „Melissea,
960 2007 1172 2037 Cretensium
1208 2018 1342 2047 regem,
1378 2006 1526 2048 piimum

257 2049 322 2082 diis
346 2050 556 2082 sacrificasse
589 2062 629 2082 ac
662 2032 747 2082 ritiis
774 2062 881 2082 novos
908 2062 1151 2093 sacrorumque
1182 2063 1328 2094 pompas
1360 2052 1526 2083 introdu-

254 2095 356 2127 xisse.
405 2095 515 2127 Huius
542 2095 626 2127 duas
652 2096 758 2127 fuisse
782 2096 888 2137 filias,
912 2096 1129 2128 Amaltheam
1155 2104 1190 2128 et
1214 2097 1404 2138 Mdissam,
1439 2108 1525 2139 quae

254 2141 372 2172 Iovem
411 2151 555 2182 puerum
592 2141 732 2183 caprino
776 2140 868 2172 lacte
908 2148 942 2172 et
981 2142 1084 2173 melle
1121 2142 1327 2173 nutrierunt.
1396 2143 1525 2173 Unde

255 2184 444 2228 poetica
477 2185 561 2217 illa
592 2186 751 2218 fabula
784 2185 1004 2227 originem
1029 2188 1238 2230 sumpsit,
1276 2187 1525 2219 advolasse

256 2241 364 2274 apes
389 2237 519 2274 atque
544 2241 589 2262 os
613 2231 738 2274 pueri
764 2231 900 2262 melle
928 2232 1190 2276 complesse.
1240 2233 1414 2264 Melissam
1442 2243 1524 2264 vero

258 2286 278 2308 a
310 2282 410 2318 patre
440 2276 583 2318 primam
618 2276 833 2308 sacerdotem
859 2277 1004 2319 Magnae
1026 2277 1130 2309 Matri
1157 2278 1398 2318 constitutam,
1433 2278 1525 2309 unde

256 2320 371 2353 adhuc
398 2322 552 2352 eiusdem
572 2322 691 2353 Matris
715 2322 887 2353 antistites
904 2323 1067 2354 Melissae
1089 2324 1367 2366 nuncupantur.'’
1403 2324 1527 2354 Postea

258 2366 354 2398 illam
380 2366 628 2409 cogitationem
654 2367 774 2400 abieci.
821 2367 908 2398 Nam
927 2368 1094 2410 Didymus
1120 2368 1184 2400 ista
1207 2376 1325 2411 aperte
1347 2379 1526 2399 commen-

255 2418 349 2444 tatus
376 2420 449 2444 erat
474 2413 506 2444 iu
534 2413 650 2444 locum
675 2412 827 2455 aliquem
852 2421 986 2456 poetae,
1014 2413 1071 2456 qui
1095 2415 1264 2456 μελίσσας
1279 2414 1424 2455 Magnae
1445 2414 1527 2445 Ma-

258 2457 320 2489 tris
346 2457 546 2490 saceidotes
572 2458 738 2499 signabit
794 2459 947 2501 Eumque
973 2459 1168 2491 etiamnunc
1192 2459 1378 2498 habemus,
1406 2458 1525 2500 credo,

257 2502 302 2535 fr.
318 2503 386 2535 inc
408 2503 466 2535 ⁶26:
496 2503 735 2546 Ταῖςὶεραῖσι
757 2505 941 2546 μελίσσαις
959 2503 1141 2549 τέρπεται.
1177 2506 1273 2544 Quae
1295 2504 1401 2535 verba
1427 2504 1527 2546 equi-

258 2548 336 2580 dem
357 2560 426 2580 non
441 2559 482 2579 ex
501 2548 657 2592 hymno
648 2561 682 2581 in
695 2549 935 2592 Proserpinam
958 2550 1060 2581 ducta
1078 2557 1193 2582 statuo
1214 2561 1290 2581 cum
1303 2549 1491 2580 Boeckhi
1505 2560 1525 2581 o

257 2611 302 2618 —
327 2604 521 2637 quanquam
554 2595 624 2626 eius
657 2606 794 2638 quoque
828 2595 912 2626 deae
946 2595 1119 2627 antistites
1152 2596 1188 2628 id
1221 2606 1345 2626 nomen
1379 2594 1526 2636 gessisse

259 2646 414 2678 constat3
447 2650 478 2671 v.
512 2640 707 2674 Preller.
741 2641 784 2672 de
819 2641 945 2672 Cerere
978 2649 1013 2672 et
1044 2641 1142 2674 Pros.
1175 2652 1209 2684 p.
1233 2640 1289 2674 58.
1315 2656 1371 2678 —‚
1396 2640 1458 2672 sed
1485 2651 1527 2672 ex

258 2683 387 2728 hymno
410 2684 446 2716 in
470 2684 629 2729 Magnam
652 2686 801 2719 Matrem
825 2693 967 2730 propter
991 2698 1154 2730 expressa
1177 2685 1281 2718 verba
1307 2684 1459 2728 Didymi.
