1794 2982
341 122 419 162 loo
730 116 1203 158 ΠΥΘΙΟΝΙΚΑΙ
1241 114 1309 158 Γ’.

468 408 712 487 κΗθελον
747 431 950 493 Χείρωνά
984 451 1032 479 κε
1071 434 1332 495 Φιλυρίδαν,
1523 435 1627 493 Στρ.
1653 431 1704 478 α’.

479 500 516 548 εἰ
540 498 678 562 χρεών
699 497 831 547 τοῦθ’
855 498 1062 561 ἁμετέρας
1080 499 1168 548 ἀπὸ
1186 500 1388 564 γλώσσας
1406 497 1558 547 κοινὸν
1576 497 1705 556 εὔξα-

794 619 799 623 .
880 572 991 614 σθαι
1025 568 1143 626 ἔπος,

481 635 608 694 ζώειν
641 633 720 682 τὸν
754 633 1056 697 ἀποιχόμενον,

485 702 713 765 Οὐρανίδα
734 702 868 766 γόνον
887 701 1188 764 εὐρυμέδοντα
1209 701 1411 762 Κρόνου,
1445 701 1657 764 βάσσαισί
1672 701 1709 749 τ’

882 768 1029 832 ἄρχειν
1049 771 1232 817 Παλίου
1255 769 1368 832 Φῆρ’
1391 769 1640 832 ἀγρότερον,
1687 781 1708 815 5

416 845 444 887 5
480 843 595 886 νοῦν
618 837 750 900 ἔχοντ’
767 837 939 898 ἀνδρῶν
961 839 1114 899 φίλον·
1137 836 1232 896 οἷος
1253 836 1334 885 &aiv
1346 839 1515 900 θρέψεν
1536 838 1639 885 ποτὲ
1669 849 1709 881 10

477 908 658 954 τέκτονα
692 910 913 954 νωδυνιᾶν
947 903 1110 967 ἱίμερον
1142 906 1389 968 γυιαρκέων
1413 904 1688 970 Ἀσκλήπιον,

478 973 603 1038 ἥρωα
635 977 923 1022 παντοδαπᾶν
957 972 1154 1037 ἀλκτῆρα
1188 973 1378 1021 νούσων.

479 1105 560 1153 τὸν
594 1109 672 1168 μὲν
705 1106 899 1155 εὐΐππου
938 1107 1116 1170 Φλεγύα
1150 1107 1355 1170 θυγάτηρ
1512 1105 1618 1153 Ἀντ.
1656 1105 1710 1152 α’.

479 1175 583 1237 πρὶν
615 1175 814 1222 τελέσσαι
848 1175 1113 1242 ματροπόλῳ
1142 1173 1229 1222 σὺν
1250 1174 1492 1240 Ἐλειθυίᾳ,
1527 1177 1711 1235 δαμεῖσα

883 1244 1088 1304 χρυσέοις
1668 1252 1710 1285 15

385 1315 446 1360 10
481 1308 673 1366 τόξοισιν
705 1309 783 1359 ὕπ’
817 1309 1076 1372 Ἀρτέμιδος,

481 1379 542 1436 εἰς
558 1377 678 1426 Ἀΐδα
697 1379 838 1441 δόμον
858 1380 901 1426 ἐν
920 1378 1110 1445 θαλάμῳ
1128 1379 1287 1440 κατέβα
1308 1379 1475 1439 τέχναις
1492 1376 1710 1426 Ἀπόλλω-

883 1465 972 1505 νος.
1006 1446 1139 1509 χόλος
1160 1445 1199 1493 δ’
1223 1444 1310 1494 οὐκ
1332 1446 1509 1504 ἀλίθιος
1666 1457 1711 1489 20

393 1613 425 1634 v.
444 1602 475 1635 1.
503 1601 724 1646 Φιλλυρίδαν
749 1622 791 1627 -
817 1614 849 1634 v.
870 1603 903 1636 5.
929 1600 1020 1637 νόον
1044 1622 1088 1629 -
1112 1614 1144 1637 V.
1163 1602 1195 1636 6.
1221 1599 1361 1637 τέκτον’
1386 1599 1597 1642 α’νωδυνίας
1621 1598 1711 1646 tilae-

347 1658 413 1692 ρον
436 1646 631 1692 γυιαρκέος
654 1646 878 1691 Ἀσκλαπιόν,

437 1754 545 1798 Pyth.
563 1754 625 1787 111.
660 1765 694 1786 v.
716 1753 748 1786 1.
798 1753 948 1798 [Scripsi
982 1753 1183 1797 Φιλυρίδαν
1211 1753 1367 1798 simplici
1404 1757 1433 1787 λ.
1480 1753 1573 1788 Nam
1597 1757 1714 1788 mater

347 1799 513 1834 Chironis
532 1799 672 1844 Φιλύρα
690 1799 838 1840 dicitur3
863 1801 946 1833 vide
962 1797 1148 1844 Pythsx'l,
1165 1799 1222 1832 22.
1248 1801 1350 1834 Nem.
1369 1800 1433 1841 111,
1451 1797 1508 1833 43.
1539 1799 1614 1833 Nec
1629 1811 1713 1833 cum

347 1856 515 1878 mensura
546 1845 799 1889 matronymici
832 1850 992 1879 mutatur
1021 1845 1210 1889 scriptura.
1258 1846 1381 1879 Altera
1406 1846 1524 1879 forma
1548 1845 1714 1889 profecta

349 1891 394 1923 ab
420 1891 463 1923 iis
488 1890 647 1928 videtur,
673 1891 731 1933 qui
756 1903 885 1924 nomen
909 1902 930 1924 a
955 1892 1062 1931 φίλος
1087 1895 1122 1924 et
1147 1891 1238 1933 λύρα
1262 1892 1452 1931 ducerent3
1478 1891 1561 1924 vide
1587 1891 1714 1925 Goett-

348 1935 500 1981 lingium
536 1936 571 1970 in
595 1936 745 1970 Hesiodi
771 1937 913 1981 Theog.
936 1936 1038 1969 1002.
1087 1937 1159 1970 Ubi
1191 1941 1312 1970 tamen
1344 1937 1463 1980 prima
1494 1936 1713 1980 producitur,

346 1993 398 2026 ita
421 1992 573 2026 invaluit
596 1996 647 2034 λλ,
672 1996 710 2026 ut
734 1993 769 2027 in
796 1993 976 2036 plerisque
1001 1993 1090 2026 locis
1115 1994 1258 2026 codices
1281 1993 1495 2036 conspirent,
1520 1996 1559 2026 ut
1573 1993 1610 2026 h.
1630 1994 1655 2026 l.
1677 1997 1713 2027 et

345 2037 460 2081 Orph.
483 2039 616 2083 Argon.
639 2037 719 2071 454.
755 2040 843 2081 (Sed
864 2040 971 2082 Pyth.
990 2039 1053 2080 lx,
1069 2038 1125 2072 30.
1149 2043 1247 2072 recte
1270 2040 1375 2072 multi
1397 2038 1482 2072 libri
1503 2038 1714 2082 Φιλυρίδα.)

347 2084 467 2126 Quem
503 2095 714 2117 consensum
745 2086 932 2127 premebat
956 2085 1183 2118 lVellauerus
1213 2084 1247 2117 in
1271 2084 1453 2128 Apollonii
1476 2084 1563 2129 Arg.
1584 2085 1612 2126 l,
1632 2083 1712 2117 554.

346 2129 452 2171 Apud
477 2133 602 2172 poetas
628 2131 813 2162 Romanos
837 2130 914 2163 fere
938 2130 1217 2174 Philyrides
1249 2130 1334 2163 libri
1359 2129 1502 2173 optimi,
1537 2133 1577 2163 ut
1599 2129 1713 2173 Neap.

348 2177 383 2207 et
407 2174 580 2217 Groning.
609 2176 705 2219 apud
731 2176 894 2218 Propert.
919 2176 963 2217 ΙΙ,
986 2175 1019 2217 l,
1040 2176 1096 2210 60.
1144 2176 1249 2219 Apud
1271 2175 1463 2220 Virgilium
1489 2175 1623 2220 Georg.
1650 2175 1714 2217 Ill,

345 2217 424 2252 550.
450 2231 493 2252 ne
520 2220 722 2265 WVagnerus
746 2221 890 2263 quidem
915 2221 1109 2265 quicquam
1133 2233 1175 2255 ex
1194 2221 1376 2254 codicibus
1395 2220 1512 2254 attulit
1528 2224 1562 2253 et
1578 2221 1613 2254 in
1631 2222 1713 2254 vul-

345 2267 435 2342 ⁸gata
459 2265 638 2308 scriptura
663 2266 864 2310 acquievit:
893 2268 989 2311 apud
1005 2267 1165 2301 Martial.
1186 2265 1307 2311 11‚·14‚
1325 2265 1357 2300 6.
1377 2266 1484 2310 pauci
1501 2266 1713 2309 Philyri-

379 2320 434 2342 es.
482 2311 601 2353 SCH.]

437 2354 515 2388 v-4.
551 2356 834 2400 [εὐρυμέδοντος
858 2368 956 2391 orror
979 2358 1090 2392 solius
1116 2359 1170 2392 ed.
1197 2358 1303 2390 Rom.
1328 2356 1362 2389 in
1387 2355 1556 2390 scholiis.
1590 2355 1712 2400 SCH.]

437 2413 472 2434 v.
498 2400 530 2433 5.
580 2402 738 2444 [Solutio
763 2405 896 2446 longae
920 2403 955 2436 in
981 2403 1070 2437 νόον
1093 2415 1203 2446 quum
1225 2403 1311 2435 ferri
1327 2413 1396 2434 non
1414 2404 1544 2444 posset,
1567 2401 1711 2435 Bocck-

346 2445 430 2479 hius
453 2447 544 2480 νοῦν
569 2448 678 2489 dedit,
704 2450 797 2491 quod
823 2460 844 2481 a
864 2449 1020 2481 Pindaro
1044 2459 1113 2481 non
1139 2448 1342 2492 profectum
1366 2452 1466 2479 ratus
1481 2448 1712 2480 Hermannus

345 2490 502 2534 Opuscc.
523 2492 599 2533 VII,
622 2505 656 2536 p.
679 2493 755 2527 135.
781 2492 894 2536 γνῶμ’
918 2493 1090 2535 coniecit,
1114 2494 1209 2536 quod
1233 2494 1357 2537 glossa
1382 2491 1569 2535 expulerit.
1617 2493 1710 2526 Nam

343 2534 434 2579 νῶμ’
458 2549 560 2571 more
584 2538 711 2571 Ionum
736 2550 801 2582 pro
826 2538 947 2581 νόημα
971 2539 1031 2572 vix
1057 2550 1183 2572 ausum
1209 2550 1286 2571 esse
1310 2541 1466 2581 poetam.
1503 2537 1598 2571 Mihi
1622 2549 1708 2571 neu-

343 2586 437 2616 trum
466 2584 606 2617 videtur
629 2585 826 2618 sententiae
849 2584 937 2618 satis
961 2584 1163 2617 convenire.
1200 2583 1326 2627 SCH.]

433 2640 468 2661 v.
493 2629 526 2662 6.
573 2630 688 2675 Vulgo
712 2627 852 2664 τέκτον’
879 2628 1090 2669 α’νωδυνίας
1113 2625 1250 2672 ἅμερον
1274 2627 1466 2674 γυιαρκέος
1478 2624 1705 2663 Ἀσκλαπιόν.

340 2673 462 2717 Quum
496 2675 677 2709 habeatur
707 2675 744 2708 in
774 2675 877 2709 libris
901 2675 997 2709 Gott.
1032 2679 1067 2710 et
1099 2675 1254 2719 Guelph.
1285 2674 1440 2709 τέκτονα
1464 2674 1649 2715 νωδυνίας
1673 2677 1709 2708 et

339 2720 536 2765 singularis
557 2720 751 2767 γυιαρκέος
774 2725 896 2756 contra
919 2725 1074 2756 metrum
1089 2721 1145 2764 sit,
1171 2720 1376 2755 Boeckhius
1390 2719 1533 2765 scripsit
1552 2719 1708 2756 τέκτονα
