1751 2986
334 170 426 200 XXVI

330 262 574 298 fortitudinem
606 259 802 304 Lamponis
831 259 994 293 filiorum
1024 260 1174 294 duorum
1204 259 1454 294 illustrandam
1476 258 1586 293 Aeaci
1616 262 1692 293 tres

330 325 400 360 filii
424 322 612 369 magnifici
633 323 784 364 Peleus,
809 322 983 363 Telamo,
1007 321 1151 355 Phocus
1174 323 1384 363 laudantur,
1408 325 1494 365 tum,
1520 320 1690 364 quoniam

331 388 378 421 ad
401 385 646 420 fortitudinem
671 383 779 417 etiam
803 382 876 416 alia
899 382 1013 416 virtus
1037 384 1211 417 accedere
1236 383 1354 424 debet,
1382 381 1536 426 primum
1559 393 1604 415 ne
1628 392 1692 415 ae-

330 447 479 482 mulatio
503 448 602 479 mala
627 448 662 478 et
684 444 871 478 inimicitia
893 444 986 478 inter
1007 444 1138 478 fratres
1162 443 1325 485 exsistat,
1348 443 1464 476 Phoci
1487 441 1694 486 deplorabi-

330 509 376 543 lis
399 509 528 542 caedes
561 506 757 540 ostenditur
789 517 811 539 a
841 506 1017 539 fratribus
1049 506 1260 546 commissa,
1293 505 1419 538 deinde
1453 500 1695 548 σωφροσύνης

332 582 414 603 cum
445 569 653 602 fortitudine
686 567 896 601 coniunctae
930 568 1150 611 praestantia
1181 567 1342 600 eiusdem
1365 564 1465 599 Pelei
1496 564 1694 608 posteriore

330 632 474 665 fortuna
491 631 706 670 declaratur,
730 628 925 662 Thetidem
950 639 1098 661 uxorem
1125 628 1245 671 adepti
1269 631 1348 672 post
1362 627 1585 671 Hippolytae
1609 637 1694 659 con-

331 697 484 737 temptas
513 691 671 725 insidias,
727 689 870 723 Patcbit
901 690 1010 723 etiam
1042 689 1094 722 sic
1125 692 1222 722 recte
1255 699 1277 721 a
1309 699 1369 721 me
1400 687 1569 721 carminis
1598 688 1695 721 illius

331 755 507 789 rationem
530 754 565 788 in
587 751 852 787 Commentario
876 752 1104 795 explicatam.
1153 750 1360 793 Simplicius
1380 749 1490 782 etiam
1509 749 1611 783 Nem.
1630 749 1693 782 lx.

332 819 403 856 est,
435 815 499 848 ubi
522 814 556 847 in
581 813 724 847 Adrasti
758 813 865 845 rebus
897 813 1028 856 duplex
1062 812 1299 857 παράδειγμα
1330 809 1551 855 proponitur.
1606 809 1713 843 Flo--

332 875 402 909 ruit
424 876 484 909 hic
508 875 663 919 Sicyone
689 878 724 907 et
746 878 871 917 postea
897 874 1007 907 etiam
1030 873 1146 918 Argis,
1173 872 1342 916 quamdiu
1366 872 1572 904 moderatus
1596 873 1695 911 erat3

334 938 397 970 sed
432 948 541 980 quum
575 936 715 969 maiora
749 940 891 969 tentans
917 940 1038 969 contra
1062 936 1210 969 Thebas
1235 933 1541 977 proficisceretur,
1574 932 1695 966 infau—

333 1003 426 1032 stum
449 998 540 1031 vidit
564 997 799 1041 expeditionis
823 998 969 1030 exitum.
994 997 1180 1030 Postremo
1200 996 1275 1028 alia
1298 994 1390 1027 ratio
1415 998 1468 1027 est
1484 994 1694 1027 Nemsnl.

332 1059 453 1092 Etiam
477 1058 527 1092 ibi
551 1059 682 1102 duplex
705 1057 940 1103 παράδειγμα
964 1057 1167 1102 oppositum
1192 1061 1266 1098 est,
1289 1056 1353 1088 sed
1377 1057 1532 1088 alterum
1554 1055 1697 1089 virtutis

334 1119 514 1153 communi
538 1130 662 1153 amore
684 1119 885 1152 vicinorum
909 1121 1119 1160 honoratae,
1151 1118 1187 1151 in
1211 1118 1322 1151 Aeaci
1344 1118 1451 1151 laude
1476 1127 1695 1161 expressum,

332 1183 486 1215 alterum
509 1180 646 1214 invidia
668 1181 866 1214 laborantis
890 1181 1043 1223 virtutis,
1066 1180 1185 1213 Aiacis
1209 1179 1336 1212 sabula
1360 1179 1596 1211 declaratum.
1632 1178 1697 1212 At-

333 1254 402 1286 que
427 1243 518 1275 haec
536 1241 679 1284 quidem
703 1243 746 1274 de
770 1242 839 1274 his.
855 1262 892 1267 —
913 1243 1033 1286 Pergo
1058 1243 1104 1275 ad
1129 1236 1260 1275 aliud
1284 1239 1487 1273 discrimen.
1511 1240 1552 1272 In
1573 1251 1696 1273 exem-

332 1303 403 1347 plis
432 1304 618 1346 hucusque
652 1303 772 1336 allatis
805 1303 970 1336 omnibus
1012 1302 1188 1336 sententia.
1219 1301 1388 1335 carminis
1424 1305 1498 1334 tota
1526 1311 1698 1345 expressa

333 1364 490 1397 habetur
519 1363 701 1408 mythice,
735 1374 848 1406 eaque
877 1363 1110 1398 usitatissima
1141 1365 1234 1398 ratio
1259 1367 1329 1404 est3
1361 1367 1443 1397 sunt
1475 1374 1562 1396 vero
1585 1363 1696 1397 etiam

334 1426 516 1464 carmina,
555 1425 639 1458 licet
671 1435 807 1468 pauca,
842 1425 905 1459 ubi
937 1437 1046 1468 quum
1079 1425 1276 1469 composita
1306 1426 1487 1459 habeatur
1509 1424 1697 1467 sententia,

334 1486 470 1520 fabulis
495 1491 614 1519 tamen
639 1497 710 1518 una
734 1490 872 1519 tantum
897 1497 981 1529 pars
1005 1487 1212 1529 illustratur,
1239 1498 1347 1530 quum
1373 1490 1433 1520 aut
1454 1486 1696 1519 necessarium

335 1551 396 1580 aut
419 1551 542 1590 aptum
566 1558 635 1579 non
662 1551 755 1579 esset
778 1551 812 1580 et
842 1548 1071 1581 commodum
1096 1551 1262 1582 alterum.
1312 1548 1372 1582 Sic
1396 1548 1453 1582 Ol.
1479 1548 1538 1581 111.
1566 1559 1699 1582 corona

334 1608 474 1642 ludicra
493 1607 672 1641 Theronis
693 1608 896 1650 praemium
920 1608 1050 1642 dicitur
1072 1610 1225 1653 pietatis,
1250 1611 1448 1644 illustratur
1473 1614 1594 1643 autem
1617 1611 1698 1643 sola

336 1681 470 1703 corona
500 1669 663 1714 mythica
695 1670 739 1702 de
777 1671 929 1703 oleastro
962 1672 1184 1712 narratione,
1225 1672 1340 1715 pietas
1375 1671 1536 1715 praemio
1571 1675 1698 1705 ornata

334 1743 404 1765 non
433 1731 624 1764 exhibetur
657 1731 828 1775 mythice.
882 1732 983 1765 Nem.
1009 1733 1071 1765 111.
1107 1743 1186 1764 cum
1217 1731 1426 1765 fortitudine
1454 1732 1698 1766 robustiorum

336 1804 513 1826 annorum
537 1792 714 1836 sapientia
737 1794 859 1826 senilis
882 1794 1067 1836 laudatur,
1103 1794 1167 1826 sed
1192 1799 1340 1827 ornatur
1363 1795 1534 1828 fortitudo
1557 1798 1697 1828 tantum

336 1856 500 1898 mythica
524 1855 644 1888 laude.
697 1853 798 1888 Nem.
822 1854 879 1886 w.
907 1853 939 1886 in
964 1854 1197 1888 Bassidarum
1221 1860 1328 1899 gente
1364 1857 1559 1890 ostenditur
1582 1857 1696 1890 virtu-

335 1916 379 1949 tis
403 1921 437 1949 et
460 1916 719 1949 imbecillitatis
754 1914 937 1947 humanae
960 1915 1115 1949 mirifica
1140 1917 1357 1959 coniunctio,
1380 1919 1442 1951 scd
1468 1920 1547 1951 sola
1569 1918 1698 1962 virtus,

335 1982 373 2011 ut
395 1988 462 2021 par
485 1982 574 2019 erat,
599 1976 759 2021 mythice
781 1976 980 2009 illustratur
1003 1977 1125 2010 verbis
1149 1979 1192 2011 de
1211 1979 1362 2012 Achille.
1392 1979 1567 2013 Similiter
1586 1979 1696 2024 Pyth.

339 2040 418 2072 xli.
443 2050 502 2072 ars
525 2038 648 2072 Midae
670 2038 796 2071 fabula
821 2038 865 2070 de
891 2037 1121 2081 Gorgonibus
1145 2039 1363 2082 explicatur,
1397 2040 1594 2074 admonitio
1617 2051 1698 2073 mo-

337 2099 474 2133 destiae
500 2099 636 2132 directa
661 2099 820 2132 oratione
844 2099 896 2132 fit.
952 2099 1113 2142 Denique
1138 2100 1259 2134 lsthm.
1285 2102 1341 2134 w.
1368 2103 1530 2147 mythica
1563 2106 1698 2136 tracta-

337 2161 433 2194 tione
459 2165 630 2194 canuntur
654 2162 786 2193 decora
800 2161 1023 2201 Thebarum,
1050 2162 1238 2194 calamitas
1264 2163 1398 2196 directa
1416 2163 1589 2196 oratione.
1621 2163 1698 2208 lgi-

337 2226 393 2256 tur
427 2221 461 2255 in
496 2221 554 2254 his
587 2222 806 2255 carminibus
829 2223 945 2256 unitas
980 2223 1174 2256 sententiae
1207 2235 1349 2258 summa
1382 2237 1449 2257 non
1484 2225 1699 2268 conspicitur·

335 2283 471 2316 fabulis
494 2293 675 2326 expressa,
700 2284 762 2316 scd
789 2295 872 2327 pars
895 2288 1033 2317 tantum
1056 2286 1268 2325 sentcntiae3
1291 2298 1357 2319 non
1382 2271 1697 2319 desiderabis'hoc

336 2344 372 2377 in
396 2343 700 2386 sequentibus
725 2346 912 2389 exemplis,
937 2345 997 2378 ubi
1023 2357 1131 2388 quum
1155 2349 1272 2380 altera
1298 2358 1382 2390 pars
1399 2348 1596 2381 sententiae
1617 2359 1698 2393 my—

337 2404 446 2445 thice,
467 2405 583 2437 altera
608 2405 743 2439 directa
767 2408 926 2440 oratione
952 2407 1160 2450 explicetur.
1198 2414 1386 2451 praeterea
1410 2413 1601 2453 utrumque
1625 2409 1700 2443 alia

338 2464 465 2498 fabula
496 2467 813 2508 comprehenditur
845 2472 879 2501 et
912 2468 957 2500 ad
983 2479 1088 2501 unum
1120 2471 1235 2502 maius
1268 2472 1472 2513 exemplum
1496 2475 1698 2504 revocatur.

337 2527 398 2561 Sic
421 2526 558 2560 factum
577 2528 683 2571 Pyth.
706 2529 767 2560 lx.
813 2529 852 2562 ln
876 2529 993 2572 prima
1019 2534 1119 2573 parte
1145 2531 1288 2564 castitas
1313 2537 1347 2565 ct
1371 2532 1541 2575 pudicitia
1566 2532 1700 2566 amoris

338 2589 465 2622 sabula
499 2589 650 2633 egregia
683 2590 725 2623 de
750 2591 893 2634 Cyrena
924 2592 1140 2634 illustratur,
1177 2604 1286 2636 quum
1311 2594 1552 2628 Telesicrates
1585 2595 1702 2628 victor

330 2660 451 2694 nuper
475 2650 622 2684 iuvenili
646 2650 790 2684 fervore
815 2653 1003 2695 abreptus,
1035 2658 1074 2686 ut
1098 2654 1246 2697 videtur,
1283 2656 1328 2688 ab
1354 2665 1397 2688 ea
1420 2655 1552 2689 virtute
1584 2655 1699 2688 desci-

338 2711 468 2754 visset3
501 2711 630 2747 deinde
653 2712 827 2748 fortitudo
850 2714 1004 2748 cursoris
1027 2715 1159 2749 eximia
1183 2717 1351 2750 laudatur
1385 2716 1516 2760 partim
1540 2715 1701 2762 mythice
