1751 2986
1357 212 1410 240 vn

42 303 138 338 tione
166 312 322 338 coronae
352 302 588 338 coniunctam.
644 304 684 337 ln
709 302 838 336 ceteris
870 313 957 336 vero
990 302 1211 336 carminibus
1243 303 1410 338 omnibus

40 364 148 398 huius
171 365 316 410 generis
339 365 449 399 etiam
471 364 697 400 manifestior
723 367 776 398 est
799 364 931 407 duplex
956 363 992 398 in
1015 375 1124 398 unam
1149 365 1303 399 conflata
1325 375 1408 400 sen—

41 425 163 460 tentia.
210 427 265 460 De
288 437 358 470 quo
380 428 455 461 iam
480 426 742 470 explicandum.
784 426 835 458 Ac
860 425 1018 469 primum
1040 426 1184 469 quidem
1209 427 1319 460 decus
1342 437 1407 460 co-

39 497 152 521 ronae
175 490 238 521 aut
258 489 376 522 solum
401 488 501 521 adest
532 491 595 521 aut
618 488 692 522 alia
722 492 911 532 praeterea
942 488 1072 522 adsunt
1105 488 1271 522 fortunae
1300 488 1407 531 dona,

38 552 78 582 ut
99 547 267 582 militaris
290 549 428 594 gloria,
454 549 621 592 divitiae,
653 549 758 595 regia
781 549 962 592 potentia,
996 550 1099 595 origo
1122 550 1293 592 illustris,
1327 549 1407 594 qui-

39 610 106 644 bus
136 610 336 645 coniunctis
365 612 512 645 exsistat
542 609 651 656 ὄλβος
677 610 819 644 victoris
851 612 1042 645 canendus.
1100 612 1178 645 lam
1202 623 1285 645 cum
1308 607 1406 657 ὄλβῳ

37 672 189 716 proponi
210 673 306 706 scias
329 673 499 707 virtutem
523 674 703 717 aliquam,
739 676 778 706 ut
801 672 1037 715 sapientiam,
1062 673 1255 716 pietatem,
1278 674 1405 708 mode-

36 733 145 767 stiam
169 737 205 767 et
227 734 532 775 moderationem,
559 745 651 778 quae
677 735 734 767 vel
751 733 843 766 adsit
867 735 926 767 vel
951 735 1079 767 adesse
1094 735 1226 768 debeat
1249 738 1285 768 et
1299 746 1401 768 com-

37 795 246 835 mendetur3
279 806 362 828 nam
395 795 431 829 id
461 796 605 829 demum
640 806 819 828 summum
852 798 906 827 est
930 807 1014 828 cum
1046 796 1181 829 talibus
1212 796 1404 829 virtutibus

37 856 263 890 coniunctum
282 857 421 890 habere
439 855 572 902 ὄλβονς
594 857 671 890 sine
698 856 741 889 iis
762 855 898 890 invidia
918 857 1031 891 oritur
1047 857 1238 890 homimuu
1263 862 1298 891 et
1316 858 1404 891 deo-

36 929 130 951 rum.
176 917 370 952 Videamus
395 921 572 963 exempla.
620 920 738 953 Ducat
762 929 892 962 agmen
919 929 1064 952 carmen
1088 919 1215 952 Isthm.
1237 919 1313 960 111.‚
1339 919 1400 952 ubi

37 979 297 1024 Oleonymidae
313 981 483 1015 Thebani
502 986 686 1023 canuntur,
706 980 767 1024 qui
782 992 917 1025 genere
936 981 1086 1022 nobiles,
1114 980 1285 1024 opulenti,
1305 980 1403 1014 bello

36 1043 188 1086 spectati
202 1046 310 1086 atque
328 1043 438 1077 etiam
456 1044 604 1077 ludicris
620 1043 762 1077 coronis
777 1042 969 1085 aliquoties
995 1043 1111 1076 ornati
1128 1053 1272 1085 semper
1292 1041 1400 1075 alieni

35 1108 240 1138 manserant
262 1115 284 1138 a
306 1106 478 1148 superbia
501 1110 536 1139 et
558 1105 767 1144 insolentia,
796 1105 909 1146 unde,
933 1104 976 1138 iis
1000 1105 1084 1138 licet
1113 1104 1223 1138 etiam
1247 1104 1402 1137 adversa

35 1166 180 1210 saepius
207 1167 439 1209 accidissent,
462 1168 571 1202 firma
587 1172 708 1202 tamen
730 1166 827 1200 stetit
844 1166 990 1200 fortuna
1009 1178 1073 1210 per
1089 1167 1318 1199 saeculorum
1336 1165 1399 1198 de-

35 1238 200 1269 cursum,
232 1239 326 1262 nuuc
356 1229 461 1263 novis
489 1230 629 1263 coronis
659 1233 776 1263 aucta.
833 1229 897 1262 Est
925 1228 1037 1273 igitur
1069 1229 1194 1262 thema
1228 1227 1401 1260 carminis

35 1290 258 1332 praestantia
282 1293 318 1323 et
340 1290 553 1325 diuturnitas
576 1292 742 1326 fortunae
780 1302 861 1324 cum
884 1291 1060 1324 modestia
1086 1290 1308 1323 coniunctae.
1354 1289 1400 1321 Et

34 1350 293 1394 Cleonymidae
316 1351 460 1394 quidem
485 1354 670 1387 habebant
696 1353 921 1393 modestiam,
945 1354 1155 1395 plerumque
1186 1362 1275 1384 vero
1299 1360 1399 1383 com-

32 1412 242 1453 mendatur,
272 1415 312 1445 ut
334 1413 438 1454 adsit,
462 1418 497 1447 et
521 1414 747 1448 dissuadetur
768 1409 885 1459 ὕβρις.
932 1415 993 1448 Sic
1017 1414 1123 1457 Pyth.
1154 1414 1197 1446 X.
1229 1411 1399 1445 Phriciae

33 1473 203 1507 Thessali
223 1473 369 1506 fortuna
392 1474 526 1507 eximia
550 1475 798 1517 praedicatur,
829 1476 888 1518 qui
919 1486 1053 1519 genere
1085 1473 1332 1506 nobilissimus
1365 1475 1402 1505 et

33 1533 162 1578 opibus
192 1533 393 1568 fortunatus
423 1546 534 1577 quum
557 1535 636 1579 ipse
660 1536 830 1569 victorias
855 1537 1070 1580 praecipuas
1092 1534 1249 1568 ludicras
1271 1544 1398 1577 repor—

32 1596 182 1637 taverit,
216 1607 309 1629 nunc
330 1597 444 1630 etiam
467 1596 583 1630 filium
606 1597 729 1631 videat
759 1602 883 1632 tenera
918 1602 1037 1632 aetate
1064 1597 1258 1638 victorem,
1289 1600 1398 1638 atque

31 1656 84 1690 ita
106 1661 316 1700 assequutus
336 1657 382 1691 sit
406 1663 580 1701 quantum
602 1660 715 1693 homo
738 1660 882 1703 assequi
912 1659 1034 1703 possit.
1081 1660 1181 1693 Idem
1205 1670 1293 1692 vero
1316 1669 1397 1691 mo-

33 1721 136 1752 netur
158 1717 226 1751 diis
257 1719 378 1752 omnia
402 1720 527 1754 deberi
550 1724 586 1754 et
607 1721 739 1754 mutari
763 1731 866 1764 posse
889 1720 1083 1761 fortunam,
1118 1721 1184 1754 nisi
1207 1721 1324 1764 pietas
1347 1719 1398 1753 si-

32 1781 112 1814 mul*
138 1779 243 1813 adsit.
296 1780 450 1815 Carmen
481 1782 584 1816 Nem.
616 1783 678 1816 lx.
711 1782 746 1816 in
778 1783 991 1816 Chromium
1023 1783 1292 1827 Syracusanum
1332 1784 1397 1823 est,

31 1841 158 1887 regiae
189 1841 352 1876 familiae
385 1843 546 1877 affinem.
601 1844 673 1877 Hic
714 1843 771 1877 vir
801 1845 990 1887 opulentus
1023 1847 1058 1877 et
1099 1843 1218 1888 gloria
1249 1841 1400 1876 militari

32 1903 192 1937 maxima
216 1914 326 1947 quum
348 1915 440 1937 mmc
464 1903 575 1937 etiam
591 1905 730 1939 ludicra
750 1910 962 1939 ornamenta
985 1905 1149 1946 haberet,
1174 1904 1245 1937 frui
1269 1904 1400 1937 dicitur

33 1965 241 2000 admirabili
263 1965 450 1999 felicitate.
505 1966 644 1999 Tamen
669 1978 738 2000 non
761 1968 880 2001 minor
915 1970 995 2000 erat
1018 1964 1168 2000 ambitio
1193 1963 1399 2007 principum

33 2028 357 2072 Syracusanorum,
381 2031 418 2061 et
440 2038 548 2071 quum
571 2028 703 2062 iterum
725 2029 864 2063 bellum
887 2028 1158 2066 meditarentur,
1195 2028 1302 2067 poeta
1327 2025 1400 2057 hoc

32 2089 214 2123 dissuadet
237 2088 484 2133 maximopere
515 2093 551 2123 et
582 2089 869 2123 moderationem
901 2087 1149 2128 commendat,
1171 2097 1215 2120 ne
1248 2087 1400 2119 deorum

31 2151 89 2185 ira
110 2150 296 2184 excitetur.
344 2151 513 2185 Carmine
537 2151 640 2185 Nem.
667 2151 729 2185 XI.
766 2149 994 2194 Aristagoras
1017 2149 1199 2183 Tenedius
1223 2151 1400 2188 monetur,

32 2215 73 2246 ut
96 2222 120 2245 a
141 2210 313 2255 superbia
337 2212 515 2246 abstineat
538 2216 573 2245 et
595 2211 824 2256 tyrannidem
843 2223 888 2245 ne
911 2211 1079 2252 affectet,
1113 2209 1175 2253 qui
1198 2210 1399 2253 opulentus,

32 2274 174 2308 formae
197 2273 439 2317 pulcritudine
463 2272 614 2318 insignis
637 2278 671 2307 et
694 2273 728 2306 in
754 2273 1012 2308 certaminibus
1035 2272 1158 2305 multis
1181 2271 1296 2305 victor
1318 2274 1397 2304 tum

34 2335 146 2370 etiam
166 2334 384 2380 magistratu
408 2345 549 2368 summo
573 2334 715 2368 insulae
740 2335 947 2368 ornabatur.
998 2333 1213 2368 Accedimus
1243 2334 1290 2367 ad
1314 2343 1397 2367 car-

31 2397 134 2431 mina
166 2396 224 2431 01.
247 2396 276 2429 1.
306 2400 341 2430 et
363 2396 471 2440 Pyth.
496 2396 565 2438 ll.,
595 2396 748 2430 Hieroni
769 2396 916 2441 scripta.
975 2396 1015 2430 In
1039 2395 1153 2440 priori
1174 2395 1401 2440 significatur

34 2458 231 2492 Hieronem
264 2469 348 2492 cum
375 2457 481 2503 regia
502 2457 664 2501 potentia
696 2459 856 2493 maxima
878 2457 1140 2501 virtutibusque
1174 2457 1309 2502 pulcris
1329 2456 1401 2491 Ne·

37 2519 138 2564 ptuni
158 2518 328 2552 favorem
351 2519 490 2553 habere
513 2520 696 2564 eximium,
720 2520 783 2564 qui
803 2532 888 2555 eum
911 2519 1066 2565 equestri
1088 2519 1206 2553 studio
1230 2516 1402 2552 imbuerit

37 2584 75 2615 et
106 2591 200 2614 nunc
231 2579 424 2615 victoriam
463 2584 667 2625 equestrem
702 2582 739 2617 in
781 2582 975 2628 Olympico
1013 2581 1208 2615 certamine
1247 2578 1398 2623 dederit,

37 2641 200 2676 omniun
226 2642 393 2676 ludorum
424 2642 674 2677 celeberrimo.
729 2644 803 2679 Sed
832 2656 943 2689 quum
980 2656 1043 2678 rex
1086 2643 1196 2677 etiam
1234 2641 1398 2675 curulem

38 2703 293 2748 meditaretur,
323 2707 364 2738 ut
395 2705 553 2750 potiatur
584 2705 656 2739 hoc
688 2705 839 2749 decore,
869 2710 978 2751 poeta
1007 2705 1116 2740 simul
1149 2705 1196 2738 ad
1226 2702 1400 2748 pietatem

39 2765 206 2801 hortatur
227 2768 265 2801 et
285 2766 478 2812 superbiae
500 2777 637 2811 poenas
659 2767 838 2813 proponit,
861 2769 906 2803 ad
931 2777 1041 2812 quam
1059 2765 1257 2801 inclinabat
1272 2764 1399 2799 Hiero.
