1751 2986
303 171 438 202 Lxxxn

304 276 370 300 nos
393 274 473 297 esse
497 259 663 294 omnibus
687 256 800 298 horis,
823 258 930 299 utque
956 256 1150 290 Corinnam
1174 255 1366 299 aliquando
1389 267 1470 290 cum
1494 254 1670 299 discipulo

305 338 371 361 suo
396 328 576 359 certamen
601 331 671 354 non
695 318 880 363 defugisse
904 318 1162 351 concedamus:
1197 317 1290 350 illud
1321 321 1416 351 certe
1440 317 1673 361 explodemus

307 392 347 422 ut
370 386 558 430 indignum
592 384 688 415 tanto
719 384 837 424 poeta,
863 380 957 424 quod
979 383 1135 424 nugator
1158 378 1328 412 Aelianus
1351 379 1548 412 transmisit
1568 378 1671 412 Varr.

305 450 400 483 Hist.
417 446 514 487 XIII,
529 444 594 477 25:
623 442 811 487 Πίνδαρος
834 438 853 475 ὁ
881 440 1038 484 ποιητὴς
1062 437 1332 484 ἀγωνιζόμενος
1355 439 1394 474 ἐν
1413 439 1554 486 Θήβαις
1578 437 1674 483 οἶμα-

304 509 390 546 θέσι
413 502 622 553 περιπεσὼν
646 500 849 549 ἀκροαταῖς
878 499 1027 546 ἡττήθη
1052 502 1236 547 Κορίννης
1267 500 1454 542 πεντάκις.
1497 497 1675 545 Ἐλέγχων

306 571 346 606 δὲ
377 567 447 613 τὴν
478 565 662 611 α’μουσίαν
693 563 817 599 αὐτῶν
852 563 870 598 ὁ
905 564 1093 609 Πίνδαρος
1124 564 1193 598 σῦν
1227 560 1350 597 ἐκάλει
1380 562 1450 608 τὴν
1474 561 1674 609 Κόρινναν.

306 634 425 676 Quam
456 629 643 662 inficetam
674 627 904 660 historiolam
938 637 960 659 a
993 627 1089 658 male
1120 625 1217 658 sanis
1241 625 1527 669 grammaticulis
1557 636 1602 658 cx
1631 623 1676 658 iis

306 694 397 729 locis
421 693 597 725 extortam
622 699 712 728 esse,
737 688 798 731 qui
821 682 865 722 ὗν
889 687 1071 721 Βοιωτίαν
1096 686 1329 730 proverbium
1352 689 1522 730 tangunt,
1550 683 1678 728 quovis

307 755 460 800 pignore
485 749 739 784 contenderim.
788 749 843 783 Cf.
862 748 1008 793 Olymp.
1025 748 1082 790 vl,
1099 747 1156 780 90.
1180 759 1262 780 cum
1280 747 1448 789 Scholiis,
1471 756 1563 789 quae
1587 745 1679 779 affe-

308 819 392 850 runt
415 815 461 848 fr.
486 813 620 855 dithyr.
645 809 678 842 9.

399 878 455 910 Ita
480 873 691 908 deducimur
727 871 774 905 ad
797 871 956 914 reliquos
980 874 1118 913 poetas,
1142 870 1237 903 unde
1261 869 1459 913 profecisse
1483 869 1678 902 Pindarum

309 940 435 973 volunt
458 939 611 970 veteres.
667 934 783 976 Quem
819 932 915 975 quod
945 932 981 964 in
1006 931 1280 977 magnificentia
1314 931 1486 964 orationis
1519 928 1681 963 nonnihil

311 1001 357 1034 ab
381 998 564 1041 Aeschylo
589 995 751 1029 adiutum
773 993 915 1035 ferunt,
952 994 1092 1026 videtur
1116 994 1152 1026 id
1177 1003 1278 1026 mera
1303 993 1459 1036 suspicio
1493 1001 1680 1037 gramma—

311 1062 465 1097 ticorum
490 1070 588 1099 esse,
620 1056 680 1100 qui
712 1059 748 1088 et
772 1056 944 1098 aequales
967 1066 1027 1086 eos
1053 1055 1184 1088 vixisse
1210 1058 1244 1087 et
1268 1053 1304 1086 in
1330 1055 1427 1087 omni
1449 1066 1582 1099 genere
1606 1065 1682 1086 ser-

311 1122 430 1160 monis
462 1122 576 1157 multa
610 1116 818 1151 communia
851 1117 989 1150 habere
1025 1115 1167 1148 scirent.
1229 1114 1385 1148 Omnino
1421 1115 1683 1160 magistrorum

312 1188 349 1219 et
372 1181 630 1225 discipulorum
653 1177 800 1212 vinculo
830 1176 1061 1222 grammatici
1094 1176 1260 1220 antiquos
1283 1180 1409 1220 poetas
1433 1180 1468 1209 et
1490 1176 1684 1220 scriptores

313 1245 475 1279 eiusdem
499 1240 627 1276 aetatis
650 1239 830 1282 similique
853 1238 972 1271 indole
1008 1238 1253 1282 constringere
1286 1241 1419 1271 amant.
1477 1235 1603 1270 Iidem'
1622 1235 1685 1270 καὶ

314 1306 529 1351 Σιμωνίδου
555 1302 713 1336 ἀκοῦσαι
737 1300 940 1344 perhibent,
966 1311 999 1332 v.
1025 1300 1190 1332 Eustath.
1215 1297 1272 1332 25.
1298 1311 1333 1342 p.
1360 1298 1430 1340 17„
1456 1297 1517 1341 qui
1542 1298 1687 1341 quidem

315 1370 390 1403 iam
412 1372 489 1401 tum
512 1364 632 1410 gloria
664 1363 763 1396 haud
787 1361 932 1406 vulgari
956 1361 1092 1403 floruit,
1129 1372 1211 1393 cum
1234 1360 1413 1393 Pindarus
1436 1359 1471 1392 in
1495 1358 1598 1392 cunis
1620 1370 1687 1393 va-

317 1429 423 1475 giret.
479 1426 604 1468 Neque
632 1425 767 1457 insulse
798 1428 938 1457 veteres
971 1427 1005 1456 et
1038 1427 1181 1466 praeter
1211 1423 1342 1462 fidem,
1375 1421 1482 1454 modo
1516 1420 1689 1454 auditoris

319 1489 578 1536 cogitationem
603 1485 811 1529 dempseris,
845 1484 937 1518 Nam
962 1484 1197 1525 Simonidem,
1223 1484 1283 1527 qui
1306 1484 1342 1516 in
1366 1482 1491 1526 primis
1519 1486 1554 1515 et
1573 1482 1689 1515 Grae-

320 1553 416 1587 ciam
446 1549 655 1583 universam
700 1551 920 1590 pervagatus
954 1550 990 1578 et
1023 1557 1167 1578 omnem
1200 1556 1370 1588 campum
1400 1544 1520 1587 poesis
1551 1544 1688 1588 lyricae

320 1621 530 1658 permensus
563 1611 656 1650 erat,
690 1607 725 1640 in
752 1605 914 1650 quemvis
938 1611 1082 1650 poetam
1116 1611 1202 1640 natu
1224 1607 1401 1640 minorem
1425 1605 1587 1649 aliquam
1611 1606 1687 1640 vim

322 1671 518 1708 ostendisse
557 1679 624 1712 par
660 1673 713 1702 est
752 1668 910 1701 credere.
973 1668 1151 1702 Pindarus
1191 1669 1252 1702 vel
1283 1668 1433 1701 Athenis
1464 1667 1595 1702 viderit
1630 1669 1689 1702 vel

321 1733 476 1778 Delphis
515 1735 552 1764 et
583 1730 777 1774 Olympiae
806 1730 867 1763 vel
908 1729 943 1762 in
995 1729 1076 1763 aliis
1118 1730 1287 1764 ludorum
1327 1729 1560 1763 solemnibus.
1616 1730 1689 1764 Sed

322 1797 404 1832 fieri
447 1805 518 1828 non
558 1795 718 1836 poterat,
755 1795 794 1824 ut
828 1790 1032 1824 Simonides
1073 1791 1120 1824 ad
1149 1795 1370 1825 crescentem
1410 1790 1692 1836 ingeniosissImi

325 1857 461 1893 aemuli
489 1855 635 1889 laudem
659 1853 879 1897 quiesceret:
914 1857 991 1886 erat
1015 1854 1110 1887 enim
1147 1855 1182 1887 in
1208 1865 1251 1887 eo
1274 1864 1416 1886 summa
1454 1853 1585 1896 cupido
1608 1855 1691 1898 glo-

325 1921 404 1954 riae
436 1929 502 1951 nec
532 1916 649 1949 minor
681 1927 768 1949 cura
800 1919 967 1959 quaestus
998 1927 1042 1948 ex
1076 1915 1177 1959 poesi
1210 1926 1276 1948 sua
1299 1914 1541 1947 redundantis.
1596 1915 1692 1949 Hinc

326 1980 437 2016 facile
463 1977 660 2019 credimus,
694 1979 789 2020 quod
814 1981 959 2010 narrant
981 1981 1142 2017 veteres,
1168 1975 1393 2010 Simonidem
1415 1975 1483 2009 sibi
1508 1987 1575 2009 non
1601 1980 1694 2010 tem-

328 2051 488 2087 perasse,
511 2037 593 2081 quin
626 2049 692 2081 per
716 2040 877 2073 carmina
901 2039 1048 2082 oblique
1072 2040 1254 2072 aemulum
1278 2040 1462 2081 carperet;
1499 2038 1580 2071 vide
1606 2039 1695 2072 Pro-

328 2106 431 2148 legg.
453 2100 590 2135 Simon.
609 2100 671 2133 Cei
689 2113 723 2144 p.
746 2102 843 2134 XXX
861 2113 934 2144 seq.
968 2100 1092 2144 'Neque
1109 2111 1165 2142 ea,
1192 2110 1284 2143 quae
1302 2099 1530 2132 Scholiastae
1549 2099 1696 2134 Pindari

331 2165 367 2199 in
389 2161 552 2207 epiniciis
570 2161 630 2194 hic
646 2162 722 2196 illic
739 2163 773 2195 in
788 2163 1010 2196 Simonidem
1028 2162 1124 2195 iacta
1140 2163 1344 2204 loquuntur,
1361 2171 1507 2203 prorsus
1525 2165 1695 2204 tanquam

331 2227 459 2261 insana
490 2227 692 2256 commenta
723 2225 949 2268 repudianda
979 2227 1079 2264 sunt,
1121 2223 1229 2256 modo
1259 2227 1381 2255 teneas
1413 2221 1575 2255 rixarum
1605 2223 1698 2257 inter

333 2290 528 2328 utrumque
568 2285 788 2329 agitatarum
820 2286 1036 2320 memoriam
1079 2284 1124 2318 ad
1156 2287 1319 2328 posteros
1351 2287 1592 2327 propagatam
1628 2295 1697 2317 non

335 2348 471 2391 ubique
501 2350 598 2380 recte
627 2347 662 2380 in
694 2347 997 2392 interpretationev
1022 2349 1150 2390 poetae
1181 2356 1260 2378 esse
1284 2344 1331 2377 ad
1363 2347 1485 2387 partes
1516 2349 1699 2380 vocatam.

335 2409 450 2450 Adde,
473 2408 568 2452 quod
592 2419 718 2441 causas
741 2407 881 2441 discidii
902 2418 970 2440 non
994 2411 1068 2440 tam
1092 2406 1127 2440 in
1150 2406 1258 2439 rebus
1282 2404 1423 2439 frivolis
1447 2408 1554 2449 atque
1578 2407 1700 2441 humi-

337 2470 435 2505 libus
455 2474 490 2504 et
512 2468 619 2503 tantis
653 2468 768 2512 poetis
790 2467 946 2513 indignis
970 2478 1077 2511 quam
1109 2468 1145 2501 in
1169 2467 1377 2500 diversitate
1408 2471 1557 2500 naturae
1591 2472 1698 2511 atque

341 2532 429 2566 artis
447 2530 584 2576 lyricae
610 2530 744 2574 positas
768 2530 877 2563 fnisse
902 2530 1080 2573 quaedam
1112 2527 1271 2574 vestigia
1293 2528 1404 2561 fidem
1428 2528 1575 2562 faciunt.
1624 2531 1700 2564 Ta-

341 2593 392 2627 lia
411 2593 446 2627 in
479 2591 700 2626 carminibus
728 2593 802 2626 suis
832 2592 1048 2637 impugnare
1080 2589 1206 2635 lyricis
1227 2589 1345 2634 poetis
1377 2590 1489 2623 moris
1513 2590 1593 2624 fuit.
1638 2591 1699 2626 Sic

339 2654 426 2689 Lasi
455 2655 600 2689 literam
639 2653 760 2700 sigma
790 2666 833 2688 ex
865 2652 1107 2699 dithyrambis
1139 2652 1213 2686 suis
1245 2652 1501 2697 proscribentis
1532 2652 1702 2687 difficiles

341 2727 459 2762 nugas
487 2716 605 2751 libere
627 2715 706 2751 risit
725 2715 901 2751 Pindarus
925 2716 1058 2760 dithyr.
1082 2715 1128 2749 fr.
1154 2714 1208 2756 5.;
1234 2715 1286 2749 sic
1306 2715 1404 2749 idem
1425 2714 1621 2750 Simonidis
1643 2725 1702 2750 ar-
