1751 2986
272 976 676 1035 INDEX
761 975 1479 1034 CARMINUM

503 1104 1238 1166 BOEGKHIANUS.

616 1338 1120 1384 OLYMPIA.

188 1420 395 1487 Olymp·
426 1441 455 1475 1.
510 1440 664 1474 Hieroni
698 1439 907 1473 Dinomenis
939 1440 966 1474 f.
999 1441 1264 1485 Syracusarum
1296 1441 1398 1486 regi,
1440 1443 1553 1478 celete

255 1497 456 1532 Pherenico
480 1497 609 1530 victori
634 1497 780 1540 Olymp.
805 1497 860 1529 77.
885 1497 921 1530 in
946 1497 1119 1530 victoriae
1144 1498 1381 1531 sollemnibus
1406 1499 1442 1531 in
1468 1511 1554 1533 con—

254 1554 353 1589 vivio
369 1553 558 1598 Syracusis
577 1554 613 1586 in
635 1555 720 1586 aula
738 1553 840 1597 regia
858 1557 1050 1596 cantatum,
1076 1558 1264 1597 praesente
1289 1559 1365 1588 tum
1383 1556 1552 1590 Pindaro.

187 1611 362 1656 Olymp.
398 1611 442 1644 11.
508 1609 671 1643 Theroni
712 1609 943 1643 Aenesidami
976 1610 1000 1643 f.
1033 1610 1352 1655 Agrigentinorum
1387 1616 1553 1655 tyranno,

254 1679 361 1701 curru
384 1665 511 1700 victori
537 1667 681 1710 Olymp.
705 1665 762 1699 76.
790 1667 921 1711 auriga
943 1666 1184 1709 Nicomacho,
1220 1668 1256 1701 in
1280 1669 1456 1702 victoriae
1480 1671 1556 1704 sol-

253 1723 434 1758 lemnibus
458 1723 649 1768 Agrigenti
674 1727 867 1756 cantatum.

186 1780 363 1824 Olymp.
390 1780 451 1813 111.
499 1779 629 1812 Eidem
654 1780 700 1812 ob
739 1780 890 1812 eandem
914 1779 1124 1823 victoriam,
1155 1780 1346 1826 Agrigenti
1368 1780 1404 1814 in
1428 1781 1555 1816 Theo—

252 1836 366 1870 xeniis
389 1840 570 1870 cantatum
597 1836 726 1869 eodem
744 1836 822 1870 fere
847 1841 1022 1879 tempore.

185 1892 318 1937 Olym
329 1904 363 1936 p.
389 1893 445 1926 IV.
504 1892 689 1926 Psaumidi
719 1892 867 1926 Acronis
892 1893 918 1925 f.
944 1892 1206 1935 Camadnaeo,
1239 1904 1308 1927 non
1333 1895 1455 1938 equis,
1492 1894 1555 1928 sed

253 1949 368 1983 rheda
383 1948 516 1982 mulari
531 1949 661 1983 victori
678 1949 825 1994 Olymp.
847 1948 903 1982 82.
929 1949 1125 1992 Olympiae
1150 1953 1343 1992 cantatum,
1367 1954 1556 1994 praesente

252 2009 330 2039 tum
354 2005 524 2038 Pindaro.

185 2061 365 2106 Olymp.
390 2062 431 2093 V.
478 2061 607 2094 Eidem
639 2061 685 2093 ob
713 2061 867 2094 eandem
896 2060 1106 2102 victoriam,
1140 2061 1269 2095 eodem
1297 2072 1390 2095 anno
1422 2062 1556 2096 reduce

254 2117 450 2151 Psaumide
476 2116 690 2150 Camarinae
713 2116 750 2149 in
774 2127 909 2160 pompa
934 2121 1127 2150 cantatum.

186 2173 365 2217 Olymp.
388 2172 444 2205 VI.
491 2173 646 2217 Agesiae
670 2172 824 2206 Sostrati
848 2172 872 2205 f.
899 2173 1059 2206 Iamidae
1083 2173 1300 2218 Syracusio,
1336 2174 1452 2208 rheda
1475 2187 1556 2210 mu-

253 2229 324 2263 lari
346 2228 474 2263 victori
499 2228 647 2273 Olymp.
672 2228 729 2262 78.
769 2228 977 2274 Stymphali
1008 2234 1192 2265 cantatum
1233 2233 1315 2275 post
1349 2231 1554 2275 victoriam,

254 2285 396 2320 Thebis
420 2285 582 2318 missum.

187 2342 361 2388 Olymp.
387 2341 464 2374 vll.
518 2341 702 2385 Diagorae
735 2341 930 2386 Damageti
963 2341 990 2376 f.
1024 2343 1195 2385 Rhodio,
1228 2343 1394 2389 pugilatu
1426 2345 1557 2378 victori

254 2398 399 2443 Olymp.
423 2396 480 2430 79.
506 2397 542 2430 in
566 2398 738 2431 Rhodum
760 2397 918 2432 insulam
941 2398 1103 2443 missum,
1126 2403 1207 2444 post
1229 2401 1385 2435 reditum
1410 2401 1444 2436 in
1471 2412 1557 2436 con-

254 2455 353 2489 vivio
377 2454 492 2499 Ialysi
515 2458 710 2488 cantatum.

187 2511 366 2556 Olymp.
400 2511 491 2544 VIII.
554 2510 793 2545 Alcimedonti
823 2510 986 2554 Iphionis
1014 2510 1041 2545 f,
1077 2512 1293 2558 Aeginetae,
1333 2514 1431 2547 lucta
1467 2513 1559 2547 inter

254 2578 388 2612 pueros
411 2567 539 2601 victori
564 2568 710 2612 Olymp.
735 2567 791 2601 80.
827 2568 981 2601 Melesia
1005 2569 1194 2614 magistro,
1218 2572 1402 2603 cantatum
1427 2569 1558 2615 Olym-

257 2623 341 2667 piae
366 2625 402 2658 in
427 2635 572 2668 pompa.

188 2678 365 2724 Olymp.
390 2681 452 2714 lx.
500 2681 742 2724 Epharmosto
766 2680 883 2713 Locro
909 2681 1084 2724 Opunti0‚
1108 2683 1206 2715 lucta
1230 2681 1359 2716 victori
1382 2681 1558 2726 probabi-

257 2735 340 2770 liter
365 2736 511 2782 Olymp.
535 2736 591 2771 81.
641 2737 780 2781 Opunte
803 2736 838 2770 in
863 2737 1097 2772 sollemnibus
1121 2737 1298 2773 victoriae
1322 2742 1515 2773 cantatum.
