1751 2986
281 107 330 137 xc

279 199 358 235 ficis
377 202 585 236 honoribus.
631 201 843 235 Eustathius
859 200 915 234 28.
934 212 970 245 p.
984 200 1049 234 20:
1076 198 1215 246 Ἐχθρᾶ
1236 199 1277 235 δέ
1295 212 1389 245 φασι
1402 199 1646 247 φρονούντων

279 261 449 308 ἀλλήλοις
465 262 670 308 Ἀθηναίων
687 261 750 296 καὶ
777 262 964 306 Θηβαίων,
983 260 1062 298 ἐπεὶ
1082 261 1220 308 ἔγραψέ
1239 273 1334 297 που·

364 318 407 360 ’.Ω
430 325 507 359 ταὶ
532 322 735 368 λιπαραὶ
758 322 841 357 καὶ
864 323 1220 367 μεγαλοπόλιες
1241 320 1430 367 Ἀθῆναι
1452 324 1522 367 ¹⁵),

278 385 374 420 κατὰ
397 385 439 420 δέ
463 398 578 427 τινας,
604 383 682 419 ἐπεὶ
707 383 888 430 ἔρεισμα
905 383 1112 427 Ἑλλάδος
1130 386 1201 431 ἔφη
1221 385 1289 426 τὰς
1305 383 1472 430 Ἀθήνας,
1494 383 1645 429 &nutem

279 460 347 481 σαν
364 445 481 482 αὐτὸν
499 448 659 493 Θηβαῖοι
672 447 807 491 χιλίαις
824 447 1024 491 δραχμαῖς,
1050 447 1094 488 ἃς
1111 447 1274 491 ἐξέτισαν
1287 445 1382 493 ’ὑπὲρ
1401 443 1519 481 αὐτοῦ
1542 444 1646 490 Ἀθη-

278 512 378 544 ναῖοι
396 505 445 548 (ὅς
463 509 697 551 φιλαττικοῦ.
725 509 938 542 Accuratius
953 511 1130 544 Isocrates
1145 509 1229 556 περὶ
1244 507 1362 544 ἆντιδ.
1384 521 1419 553 p.
1439 507 1518 542 304.
1536 508 1644 542 Dind.

279 571 351 613 (87.
376 572 525 615 Orell.):
555 572 746 618 Πίνδαρον
769 570 836 605 τὸν
863 570 1026 615 ποιητὴν
1051 571 1086 606 οἱ
1107 570 1178 617 πρὸ
1203 570 1308 616 ἡμῶν
1331 568 1522 614 γεγονότες
1550 568 1645 615 ’ὑπὲρ

277 630 360 672 ἑνὸς
385 631 504 676 μόνου
531 632 715 679 ῥήματος,
739 628 798 668 ὅτι
825 631 894 677 τὴν
919 632 1028 682 πόλιν
1051 631 1197 679 ἔρεισμα
1215 634 1282 678 τῆς
1296 630 1470 671 Ἑλλάδος
1494 627 1646 675 ω’νόμα-

279 706 356 732 σεν,
383 691 501 734 οὕτως
525 694 717 740 ἐτίμησαν,
744 691 833 734 ὥςτε
857 693 919 728 καὶ
945 694 1125 738 πρόξενον
1151 686 1384 740 ποιήσασθαι
1408 691 1472 728 καὶ
1499 691 1646 738 δωρεὰν

276 757 410 801 μυρίας
442 752 544 803 αὐτῷ
577 758 712 791 δοῦναι
743 755 920 802 δραχμάς.
975 756 1077 792 Nihil
1107 758 1137 791 is
1169 759 1213 791 de
1245 759 1381 791 mulcta
1412 766 1434 790 a
1458 754 1646 789 Thebanis

277 822 416 852 exacta.
470 818 525 852 De
558 830 628 862 qua
660 818 798 863 primus
833 823 1044 862 personatus
1066 819 1262 853 Aeschines
1285 819 1399 863 Epist.
1422 818 1479 851 IV.
1505 829 1539 861 p.
1563 814 1643 850 165.

275 880 400 913 Dind.:
436 879 660 925 Έζημίωσαν
689 877 807 915 αὐτὸν
835 881 993 926 Θηβαῖοι
1020 880 1132 914 τοῦτο
1161 878 1372 924 ποιήσαντα
1400 878 1443 914 τὸ
1475 878 1580 921 ἔπος,
1608 877 1645 913 οἱ

276 939 317 975 δὲ
346 939 516 987 ἡμέτεροι
550 941 730 989 πρόγονοι
765 943 900 987 διπλῆν
927 938 1031 988 αύτῷ
1064 939 1133 986 τὴν
1162 943 1294 986 ζημίαν
1324 941 1526 983 ἀπέδοσαν,
1550 938 1646 985 μετὰ

275 1003 345 1037 τοῦ
367 1002 431 1037 καὶ
454 1003 569 1038 εἰκόνι
602 1004 719 1050 χαλκῇ
738 1005 910 1048 τιμῆσαι·
948 1003 1009 1038 καὶ
1039 998 1085 1049 ἦν
1102 1000 1198 1048 αὕτη
1217 1004 1279 1039 καὶ
1307 1005 1357 1043 εἰς
1378 1003 1474 1048 ἡμᾶς
1495 1002 1549 1038 ἔτι
1568 1000 1641 1049 πρὸ

275 1064 341 1107 τῆς
369 1064 555 1108 βασιλείου
582 1066 713 1108 στοᾶς,
747 1064 962 1109 καθήμενος
990 1064 1167 1109 ἐνδύματι
1193 1067 1256 1100 καὶ
1287 1065 1381 1111 λύρᾳ
1401 1064 1422 1100 ὁ
1444 1066 1644 1109 Πίνδαρος,

275 1124 442 1171 διάδημα
458 1125 549 1172 ἔχων
563 1129 625 1163 καὶ
653 1128 711 1163 ἐπὶ
733 1129 807 1162 τῶν
822 1127 992 1172 γονάτων
1014 1127 1264 1172 ἁνειλιγμένον
1289 1129 1441 1174 βιβλίον.
1491 1127 1645 1171 (Contra

274 1188 470 1221 Thebanos
493 1189 692 1224 Pindarum
718 1202 823 1224 suum
857 1202 900 1223 ne
929 1193 1046 1224 statua
1080 1189 1226 1233 quidem
1261 1200 1407 1223 ornasse
1442 1190 1494 1223 ait
1530 1189 1644 1222 Athe-

275 1260 384 1283 naeus
408 1250 435 1283 1.
458 1262 493 1294 p.
513 1250 567 1284 19.
591 1252 654 1295 B.)
699 1252 800 1285 Adde
826 1251 980 1293 Paus.1‚
1002 1251 1035 1292 8,
1053 1250 1096 1284 5:
1132 1252 1320 1294 Πίνδαρος
1349 1248 1440 1284 ἅμα
1465 1240 1644 1296 τεέῠρά-

273 1323 383 1354 μενος
409 1311 511 1358 παρὰ
538 1311 742 1357 Ἀθηναίων
763 1313 825 1347 καὶ
857 1312 925 1354 τὴν
953 1310 1099 1353 εἰκόνα,
1136 1310 1194 1346 ὅτι
1218 1313 1316 1355 σφᾶς
1339 1311 1514 1357 ἐπῄνεσεν
1543 1306 1643 1357 ᾆσμα

273 1373 447 1417 ποιήσας.
502 1375 671 1408 Ceterum
691 1374 906 1419 figmentum
930 1373 998 1407 fuit
1025 1373 1165 1407 Libanii
1192 1374 1404 1418 Sophistae,
1434 1373 1492 1418 qui
1520 1374 1643 1407 decla-

274 1435 470 1469 mationem
497 1436 642 1479 scripsit
667 1436 704 1469 in
729 1436 941 1477 Thebanos,
970 1436 1065 1479 quod
1091 1436 1288 1469 Pindarum
1318 1439 1464 1480 propter
1496 1446 1641 1470 carmen

273 1497 361 1531 illud
389 1498 570 1542 lapidibus
604 1498 741 1532 scilicet
766 1497 985 1538 obruissent3
1029 1497 1101 1531 vid.
1128 1498 1336 1541 Doxopater
1364 1497 1528 1531 Crameri
1552 1498 1642 1531 Ann.

273 1559 363 1592 Oxx.
384 1559 440 1592 lv.
465 1571 498 1603 p.
521 1559 588 1592 155
602 1572 698 1603 seqq.
746 1560 898 1592 Prorsus
927 1563 964 1592 ut
986 1559 1140 1593 Phidian
1169 1561 1215 1593 ab
1241 1560 1342 1593 Eleis
1372 1559 1504 1593 misere
1529 1560 1642 1593 truci-

272 1621 399 1654 datum
421 1620 457 1653 in
477 1621 611 1655 scholis
627 1623 847 1656 exornabant
874 1623 1041 1655 rhetores
1069 1622 1160 1655 citra
1176 1633 1306 1656 vocem
1331 1622 1504 1656 historiae
1524 1624 1560 1655 et
1575 1633 1641 1655 ve-

271 1682 397 1716 ritatis.

361 1744 472 1777 Plura
498 1743 612 1789 igitur
635 1745 814 1778 beneficia
834 1749 959 1790 gratus
986 1745 1126 1779 animus
1144 1745 1413 1779 Atheniensium
1439 1745 1588 1778 contulit
1606 1743 1641 1777 in

271 1806 478 1839 Pindarum.
523 1807 688 1840 Primum
713 1807 808 1839 enim
830 1808 1003 1850 proxenia
1032 1808 1319 1849 honoraverunt,
1344 1810 1382 1840 ut
1401 1806 1641 1840 Boeckhio

272 1868 391 1901 iudice
421 1869 599 1901 Isocrates
630 1881 673 1901 ex
710 1869 787 1912 ipso
824 1869 968 1901 decreto
1006 1869 1051 1901 ob
1093 1880 1175 1902 eam
1210 1880 1356 1902 causam
1389 1868 1487 1901 facto
1519 1868 1639 1903 tradit.

271 1929 391 1963 Aliam
408 1930 618 1973 proxeniam
638 1931 714 1974 ipse
731 1934 990 1964 commemorat
1006 1930 1108 1964 Nem.
1127 1931 1202 1973 vll,
1223 1930 1292 1973 65,
1315 1931 1379 1964 ubi
1393 1931 1423 1962 D
1436 1931 1445 1963 i
1457 1941 1498 1962 ss
1510 1930 1640 1963 onius

271 1992 431 2037 gratuita
470 1992 538 2035 ipsi
571 2004 637 2036 per
663 1991 870 2025 universam
897 1992 1091 2026 Graeciam
1125 1994 1170 2027 ab
1196 1992 1521 2037 Amphictyonibus
1555 1993 1640 2025 data

271 2053 382 2087 fuisse
410 2053 566 2097 hospitia
591 2066 659 2087 non
689 2054 869 2088 immerito
894 2055 1066 2098 suspicari
1088 2055 1239 2089 videtur.
1288 2055 1425 2088 Deinde
1449 2053 1640 2098 pecuniam

273 2116 307 2149 ei
330 2126 396 2159 pro
425 2115 491 2149 illa
512 2119 630 2150 aetate
651 2118 739 2151 satis
763 2118 939 2163 grandem
972 2119 1064 2151 dono
1091 2119 1233 2152 dedere.
1289 2117 1454 2152 Tertium
1482 2120 1639 2150 statuam

271 2177 418 2221 publice
435 2182 640 2221 posuerunt.
690 2180 761 2213 Sed
786 2191 868 2213 eam
894 2192 961 2213 non
985 2181 1070 2215 vivo
1093 2185 1239 2225 poetae,
1264 2181 1327 2214 sed
1353 2183 1433 2223 post
1452 2177 1640 2212 Aeschinis

271 2239 416 2272 demum
439 2243 597 2273 aetatem
625 2241 803 2274 inclinatis
829 2241 903 2275 iam
930 2244 1038 2276 rebus
1058 2243 1331 2277 Atheniensium
1357 2241 1513 2286 positam
1528 2241 1638 2274 Boe-

271 2300 439 2334 ckhius
481 2313 514 2345 p.
544 2302 596 2335 19.
625 2302 777 2336 diversis
808 2298 1032 2348 argumentis
1065 2305 1192 2339 efficit.
1249 2304 1342 2338 Nam
1373 2301 1521 2336 Pindari
1544 2311 1636 2334 aevo

269 2373 408 2396 morem
426 2366 563 2396 statuas
591 2366 773 2399 clarorum
800 2367 987 2400 hominum
1006 2366 1150 2409 publice
1173 2364 1327 2409 ponendi
1344 2364 1500 2397 nondum
1524 2361 1637 2397 fuisse

270 2426 526 2470 pervulgatum
563 2430 598 2459 et
631 2431 712 2470 post
747 2427 921 2460 Solonem
944 2427 1255 2469 Harmodiumque
1292 2429 1327 2459 et
1354 2423 1637 2470 Aristogitonem

270 2486 428 2530 primum
451 2488 633 2522 Cononem
661 2500 705 2523 eo
729 2490 865 2523 honore
887 2489 1058 2522 affectum
1083 2498 1181 2527 esse3
1207 2486 1251 2520 cf.
1269 2487 1403 2522 Oecon.
1423 2487 1499 2521 Civ.
1517 2487 1587 2520 Att.
1604 2486 1635 2520 1.

270 2560 304 2592 p.
333 2547 412 2582 265.
470 2549 609 2584 Deinde
643 2551 764 2585 omnia
790 2551 916 2597 signa,
945 2561 1038 2595 quae
1068 2550 1114 2584 ad
1141 2548 1320 2594 porticum
1348 2549 1493 2595 regiam
1519 2548 1635 2590 fuere,

272 2672 333 2716 1⁵)
357 2672 554 2707 Admiseuit
579 2675 779 2711 Eustathius
804 2673 1067 2721 μεγαλοπόλιες
1094 2669 1247 2709 Ἀθᾶναι
1273 2686 1313 2707 ex
1338 2674 1442 2719 Pyth.
1464 2673 1528 2707 IX.
1557 2673 1633 2706 init.
