1751 2986
1332 127 1456 155 LXXIII

96 218 262 254 diversae
291 217 434 252 formae
459 216 602 263 Μυρτώ
634 220 671 252 et
693 218 858 263 Μυρτίς,
881 221 920 252 ut
945 217 1082 258 Βαυκίς
1105 221 1140 252 et
1164 216 1308 261 Βαυκώ,
1340 216 1457 253 Batai

95 283 131 314 et
153 279 295 323 Βιττίς,
327 279 459 322 Γληναὶ
493 283 529 314 et
552 281 688 323 Γληνίς
718 280 861 323 aliaque
895 281 1094 324 complura.
1143 280 1257 325 Igitur
1280 279 1381 313 cuius
1403 279 1458 313 in-

93 340 273 375 stitutione
305 341 466 385 poetriae
497 342 655 375 eruditus
680 341 866 375 dicebatur
891 346 1018 385 poeta,
1050 342 1178 374 eadem
1202 342 1247 375 ab
1274 342 1355 376 aliis
1378 352 1458 376 ma-

92 402 158 436 tris
181 403 317 436 honore
342 407 447 436 aucta
472 405 536 435 est.
585 402 754 435 Ceterum
778 403 897 447 Myrto
925 403 1140 436 crediderim
1165 404 1377 448 Pagondam
1400 414 1458 436 se-

94 474 176 497 eum
199 463 382 503 attulisse,
415 464 493 497 sive
526 463 556 496 is
580 468 680 506 pater
713 464 790 497 sive
823 464 973 497 maritus
1008 465 1168 508 poetriae
1192 465 1272 499 fuit.
1320 466 1458 499 Nomen

91 524 189 568 apud
212 525 368 557 Boeotos
390 525 488 558 haud
513 524 738 567 infrequens:
765 525 837 558 iam
863 526 1007 570 Olymp.
1033 527 1140 559 XXV.
1166 527 1363 560 Thebanus
1388 527 1458 560 Pa-

92 586 231 630 gondas
262 586 456 630 Olympiae
488 597 594 618 curru
631 585 743 618 vietor
777 586 907 620 exstitit
941 588 1088 630 primus,
1121 588 1274 621 Pausan.
1299 588 1339 626 V,
1364 587 1398 629 8,
1423 587 1457 621 3.

91 646 254 680 Alterum
286 647 572 687 Boeotarchum‚
612 647 808 680 Aeolaidae
842 647 983 689 filium,
1017 649 1131 681 habes
1164 649 1282 681 Thuc.
1316 648 1381 689 IV,
1413 648 1458 681 91

92 719 213 751 seqq„
245 708 340 742 unde
362 719 428 741 sua
452 709 592 752 accepit
615 708 817 742 llerodicus
839 709 1026 742 Crateteus
1049 709 1145 753 apud
1167 709 1394 742 Athenaeum
1417 709 1457 742 V.

90 781 128 814 p.
151 768 233 811 215,
257 770 299 802 F.

179 830 374 864 Familiam
397 834 527 874 poetae
553 830 666 864 fuisse
691 841 734 863 ex
758 830 983 863 nobilissima
1007 833 1114 875 gente
1138 831 1373 875 Aegimurum,
1399 832 1458 874 qui

91 901 115 926 a
145 891 343 935 priscorum
370 893 607 926 Cadmionum
638 892 748 936 stirpe
789 891 969 935 progeniti
1000 895 1035 925 et
1068 892 1207 925 Thebis
1239 896 1274 926 et
1305 893 1459 936 Spartae

90 953 277 996 sederunt,
311 954 405 987 unde
440 964 524 998 pars
547 954 710 988 Theram
744 957 778 986 et
803 954 964 997 Cyrenas
997 953 1096 986 iussu
1120 953 1296 996 Apollinis
1320 954 1460 998 migra-

90 1017 212 1057 verat,
244 1018 412 1049 testatum
435 1014 580 1058 reliquit
604 1014 681 1058 ipse
706 1015 812 1058 Pyth.
838 1014 878 1055 V,
901 1013 947 1046 72
970 1025 1044 1057 seq.
1098 1014 1245 1048 Patrem
1270 1016 1459 1059 Daiphan-

89 1077 167 1110 tum
189 1075 266 1109 vita
293 1080 397 1109 metr.
421 1074 692 1120 μενεπτόλεμον
717 1080 824 1109 vocat
837 1075 894 1117 4);
919 1076 1013 1119 quod
1039 1076 1204 1119 equidem
1232 1088 1300 1110 non
1327 1090 1369 1111 ex
1394 1091 1459 1112 ve-

89 1136 247 1180 riloquio
278 1137 429 1171 nominis
453 1149 682 1181 expressum,
715 1137 778 1170 sed
810 1147 852 1170 ex
886 1137 959 1170 fide
989 1137 1163 1171 historiae
1194 1144 1380 1173 narratum
1404 1140 1460 1174 in·-

91 1197 185 1231 dico.
247 1197 328 1231 Dux
358 1198 448 1232 belli
487 1210 555 1232 non
592 1199 741 1232 dedecet
783 1208 998 1243 generosam
1036 1203 1180 1242 gentem
1222 1201 1458 1245 Aegidarum.

90 1258 300 1304 Congruens
322 1260 380 1294 his
404 1264 475 1301 est,
508 1260 602 1303 quod
627 1260 741 1293 frater
777 1264 906 1303 poetae
932 1259 1106 1293 Eritimus
1130 1261 1189 1293 vel
1213 1260 1389 1294 Eritimon
1414 1280 1460 1287 —

89 1319 298 1354 Erotionem
321 1323 429 1354 vocat
451 1321 582 1355 Suidas
607 1341 646 1345 —
687 1320 749 1353 vit.
775 1324 878 1353 metr.
903 1320 926 1352 4
950 1332 1022 1365 seq.
1050 1325 1218 1354 accurate
1243 1322 1460 1357 describitur

92 1380 200 1421 εἰδώς
223 1381 366 1426 θήρης,
393 1380 499 1421 εἰδώς
522 1383 729 1425 πυγμαχίης
753 1393 791 1415 τε
815 1382 1117 1426 παλαισμοσύνης
1142 1380 1172 1416 τ’
1198 1379 1397 1427 ἀλεγεινῆς.

181 1441 340 1476 Uxorem
370 1443 691 1488 Megaeleam,
733 1443 952 1488 Lysithei
998 1448 1033 1478 et
1068 1444 1289 1478 Gallinae
1329 1446 1460 1490 filiam,

91 1506 200 1538 vocat
230 1503 394 1546 Vratisl„
442 1504 744 1538 Timoxenam
779 1504 940 1538 metrica.
1000 1505 1159 1549 Utraque
1196 1512 1312 1551 potest
1345 1509 1459 1544 fuisse

92 1564 272 1608 deinceps.
310 1565 579 1608 Daiphanto
604 1566 682 1600 filio
708 1566 902 1610 scripserat
922 1570 1024 1610 pater
1041 1568 1329 1614 δαφνηφορικόν
1347 1564 1460 1616 ᾆσμα,

90 1626 191 1660 Eust.
215 1624 270 1658 25.
297 1637 332 1669 p.
356 1625 435 1669 17„
467 1639 549 1661 cum
574 1627 604 1660 is
629 1639 651 1661 a
674 1628 862 1662 Thebanis
886 1632 982 1661 esset
1016 1629 1300 1674 daphnephorus
1323 1634 1462 1677 Apolli-

90 1687 145 1721 nis
168 1687 444 1731 Daphnephorii
476 1699 498 1723 a
523 1689 671 1723 Boeotis
695 1695 816 1723 sancte
843 1690 927 1723 culti
953 1694 1115 1731 creatus;
1151 1693 1234 1726 vide
1257 1694 1461 1729 Boeckh.

91 1750 138 1783 ad
161 1749 359 1783 Parthenia
392 1750 536 1785 Pindari
568 1764 603 1796 p.
629 1751 709 1785 590.
769 1753 848 1796 Quo
873 1753 1010 1785 honore
1036 1763 1118 1785 cum
1142 1752 1166 1786 ii
1202 1758 1338 1788 tantum
1361 1756 1462 1801 digni

90 1811 323 1854 haberentur,
347 1812 406 1855 qui
434 1817 550 1847 essent
573 1817 609 1847 et
631 1813 752 1857 specie
772 1814 915 1856 pulchri
939 1818 975 1848 et
992 1814 1099 1848 οἴκου
1116 1815 1282 1859 δοκίμου,
1305 1817 1461 1852 Pausan.

91 1873 156 1916 lx,
179 1871 236 1916 10,
258 1871 316 1915 4.‚
348 1873 430 1908 inde
462 1886 603 1918 quoque
633 1871 797 1909 familiae
822 1876 991 1910 nobilitas
1024 1878 1289 1920 comprobatur.
1345 1879 1463 1913 Filias

91 1935 307 1969 Eumetin
339 1938 373 1968 et
402 1935 764 1969 Protomacham
796 1940 929 1969 vocant
963 1941 1106 1979 praeter
1130 1938 1371 1981 Epigramma
1406 1939 1462 1972 in-

90 1994 150 2031 fra
162 1997 358 2040 ascriptum
369 1997 477 2039 Vrat„
487 1997 625 2031 Scholl.
640 1997 746 2041 I'yth.
757 1997 820 2038 111,
833 1996 924 2038 139„
941 1997 1083 2039 Suidas,
1102 1998 1222 2039 Metu,
1234 1999 1398 2033 Thomas
1411 2000 1460 2043 ⁵).

183 2099 264 2123 stra.
313 2091 417 2131 Quod
439 2089 625 2142 yvvmuo'g
664 2092 818 2122 additum
845 2097 916 2128 est,
956 2097 1057 2122 acute
1094 2092 1289 2124 observavit
1323 2094 1462 2126 Bern-

184 2136 334 2179 hardy
369 2137 605 2168 coniecturam
634 2148 759 2177 capeio
785 2136 891 2167 licere
927 2147 966 2166 ex
992 2137 1147 2168 versibus
1173 2138 1345 2170 Corinnae
1369 2140 1462 2172 infra

183 2181 397 2225 perscripti&
452 2182 505 2214 lbi
540 2181 630 2213 enim
669 2182 885 2223 vituperatur
908 2181 1053 2225 Myrtis,
1088 2183 1183 2225 quod
1211 2183 1308 2228 βανὰ
1334 2196 1463 2228 φουσοι

189 2238 266 2258 cum
294 2227 442 2259 Pindaro
471 2227 634 2269 congiedi
662 2238 728 2257 nou
756 2226 935 2268 refugerit.

118 2271 156 2315 4)
182 2272 310 2304 Nobile
342 2271 589 2304 Thebanorum
626 2282 770 2303 nomen.
808 2271 856 2303 sic
893 2271 935 2302 ad
967 2271 1181 2304 Mantineam
1214 2285 1290 2305 cum
1316 2275 1462 2317 Epami-

184 2318 301 2349 nonda
335 2317 548 2359 Daiphantus
581 2329 700 2350 caesus
734 2323 806 2357 est,
843 2317 897 2348 cui
928 2317 1157 2349 moribundus
1192 2318 1255 2350 ille
1291 2331 1462 2353 summum

183 2362 366 2406 imperium
389 2364 650 2395 conci-editurus
671 2369 758 2401 erat,
782 2362 944 2404 ignorans
969 2363 1034 2393 iam
1061 2370 1140 2394 ante
1166 2374 1202 2395 se
1229 2376 1305 2397 esse
1325 2367 1462 2398 exstin-

185 2415 301 2446 ctum,
332 2408 467 2440 Aelian.
504 2409 543 2441 V.
571 2409 614 2442 H.
642 2409 732 2449 XII,
757 2408 788 2440 3.
849 2409 1033 2440 Praeterea
1061 2415 1164 2440 notus
1191 2417 1243 2442 est
1269 2412 1338 2442 dux
1364 2412 1461 2443 Pho-

185 2453 338 2486 censium
371 2454 548 2497 equitum,
585 2454 644 2497 qui
668 2453 855 2485 Thessalos
892 2454 936 2485 ad
961 2454 1171 2505 Hyampolin
1203 2457 1298 2497 gravi
1325 2457 1461 2498 proelio

188 2498 296 2540 fudit,
324 2499 498 2532 Plutarch
526 2500 604 2532 Non
631 2510 733 2542 posse
758 2499 911 2531 suaviter
934 2499 1006 2531 vivi
1031 2510 1100 2530 sec.
1127 2500 1224 2542 Epic.
1250 2512 1282 2543 p.
1307 2502 1406 2534 1099.
1422 2503 1461 2535 E.

187 2524 419 2587 cap.’XV111.
468 2546 653 2578 Pausanias
686 2544 792 2577 Phoe.
817 2547 850 2587 1,
874 2545 907 2577 4.
954 2543 1184 2586 Daiphantam
1214 2553 1336 2586 vocat,
1373 2558 1462 2590 quae

187 2589 300 2621 forma
325 2589 410 2621 olim
436 2590 539 2623 etiam
565 2591 599 2622 iu
624 2590 697 2623 vita
722 2597 821 2622 metr.
841 2571 878 2622 ⁷2.
905 2589 1077 2621 exstabat.

124 2632 162 2677 ⁵)
185 2634 343 2667 Eustath.
367 2635 424 2669 31.
443 2648 484 2691 p.
512 2637 569 2669 23.
594 2643 630 2668 et
653 2635 799 2668 vratisl.
803 2647 858 2691 p.
886 2636 944 2668 10:
980 2632 1082 2688 Πρὸς
1112 2633 1180 2669 τὸν
1214 2634 1462 2691 ἐρωτήσαντα,

193 2678 255 2714 διὰ
279 2680 314 2715 τί
339 2675 387 2715 οὖ
407 2683 459 2728 τῶ
483 2692 524 2717 ευ
547 2679 750 2727 πράττοντι
772 2679 841 2726 τὴν
863 2678 1054 2725 θυγατέρα
1077 2680 1249 2722 δίδωσιν,
1281 2679 1345 2717 Ου’
1375 2680 1462 2727 μό-
