1751 2986
314 173 435 201 xxvm

317 266 363 300 ad
387 265 632 310 Hesychiam‚
665 264 702 298 in
733 264 847 296 altero
879 261 924 295 ad
948 260 1082 295 Thiam
1113 261 1205 294 haec
1228 259 1336 305 >pacis
1367 263 1403 293 et
1433 259 1523 293 belli
1552 259 1678 303 pulcra

318 327 496 371 oppositio
520 329 730 365 revocatur,
756 328 925 366 tanquam
949 323 994 356 ad
1018 333 1198 355 summam
1222 332 1368 354 causam
1393 330 1507 354 suam.
1554 321 1597 354 In
1620 319 1678 354 his

319 389 494 432 exemplis
526 388 638 431 igitur
677 384 712 417 in
746 384 896 416 deorum
926 395 1064 417 summo
1102 384 1244 416 numine
1274 382 1392 415 unitas
1421 393 1543 414 rerum
1575 381 1678 423 inest,

318 462 406 494 quas
431 449 592 482 carmina
615 449 781 480 tractant.
807 463 852 468 ——
880 445 1121 478 Postremo
1158 445 1202 477 de
1228 443 1351 487 paucis
1384 443 1601 476 carminibus
1625 443 1680 476 di-

318 511 490 552 cendum,
521 510 558 543 in
592 507 719 551 quibus
749 506 958 539 fabularum
987 507 1106 539 locum
1140 505 1213 538 alia
1245 504 1405 538 obtinent
1435 505 1579 548 proprie
1611 514 1681 536 non

317 570 492 615 mythica,
515 569 578 601 sed
603 578 693 611 quae
719 572 796 600 arte
820 572 948 610 poetae
973 571 1095 600 tamen
1119 567 1153 599 in
1188 565 1389 610 mythicam
1414 565 1571 598 formam
1594 565 1680 598 red-

318 636 410 665 acta.
459 631 566 674 Pyth.
593 630 632 662 V.
659 630 848 670 laudatur,
883 632 920 662 ut
953 639 1062 671 supra
1095 627 1265 669 vidimus,
1297 627 1332 660 in
1365 626 1548 660 Arcesilae
1574 624 1681 670 ὄλβος

320 705 401 726 cum
424 690 616 724 virtutibus
642 690 860 723 coniunctus.
899 691 938 722 In
964 689 1083 722 medio
1107 689 1265 722 carmine
1290 688 1498 731 proponitur
1522 687 1682 721 eiusdem

319 753 500 787 societatis
532 751 648 785 maior
672 751 795 795 imago
821 752 856 784 in
880 752 986 784 Batto
1021 755 1167 784 auctore
1193 750 1326 794 gentiS‚
1361 749 1420 793 qui
1444 753 1479 783 et
1510 749 1589 793 pius
1613 748 1684 783 fuit

318 815 475 849 maxime
509 818 544 847 et
579 813 763 846 fortunam
804 812 1085 856 prosperrimam
1124 812 1261 845 habuit.
1327 812 1451 845 Battus
1492 823 1561 844 non
1594 811 1684 844 vixit

319 876 481 921 mythico
506 879 687 917 tempore,
720 875 782 906 sed
817 878 937 906 tamen
962 877 996 906 ct
1019 873 1176 906 heroicis
1199 873 1396 906 honoribus
1424 877 1503 917 post
1529 877 1683 906 mortem

320 938 506 971 colebatur
539 940 577 968 ut
608 935 770 967 conditor
802 934 922 972 urbis,
960 937 1066 976 atque
1100 936 1210 968 etiam
1242 935 1347 968 vivus
1386 934 1519 967 eximio
1554 934 1683 967 favore

318 997 495 1042 Apollinis
527 1007 635 1040 supra
668 997 860 1039 vulgarem
883 996 1069 1029 hominum
1102 997 1251 1029 modum
1275 1007 1297 1029 a
1330 1000 1435 1039 poeta
1459 994 1684 1039 significatur

322 1062 456 1101 elatus,
489 1058 571 1102 qui,
602 1062 642 1091 ut
670 1059 823 1090 heroum
854 1057 1014 1090 maxima
1037 1069 1107 1091 vox
1133 1063 1203 1100 est,
1232 1060 1310 1092 sola
1343 1069 1434 1091 voce
1465 1068 1530 1090 sua
1561 1058 1684 1090 leones

320 1134 341 1155 e
367 1120 566 1165 Cyrenaica
597 1118 792 1163 fugaverit.
849 1119 961 1152 Porro
995 1119 1052 1153 Ol.
1076 1120 1170 1152 vlu.
1207 1120 1336 1161 effero,
1368 1119 1430 1152 ubi
1459 1119 1492 1152 in
1525 1119 1685 1152 Alcime-

321 1184 426 1216 donte
451 1182 565 1225 pietas
591 1185 625 1214 et
650 1180 821 1213 fortitudo
847 1180 1031 1213 coniuncta
1057 1181 1260 1215 exhibetur.
1318 1182 1357 1214 In
1381 1181 1501 1214 medio
1527 1180 1685 1214 carmine

320 1244 456 1278 iustitia
486 1244 649 1287 Aeginae
681 1241 817 1274 directa
852 1241 1012 1274 oratione
1044 1244 1215 1276 laudatur
1245 1247 1279 1276 et
1312 1243 1550 1276 Aeacidarum
1581 1241 1686 1275 forti-

321 1308 406 1340 tudo
437 1304 610 1349 mythice.
667 1301 876 1345 Composuit
906 1301 1018 1346 igitur
1052 1315 1144 1336 nunc
1168 1304 1286 1337 ideale
1312 1306 1518 1347 exemplum
1543 1304 1613 1345 sic,
1646 1306 1685 1337 ut

321 1378 386 1411 pro
421 1366 585 1410 mythica
617 1374 790 1408 persona,
829 1363 866 1396 in
898 1374 968 1406 qua
998 1367 1189 1407 utrumque
1221 1375 1335 1409 genus
1368 1365 1510 1399 virtutis
1542 1366 1686 1405 inesset,

321 1427 477 1461 civitatis
500 1436 691 1469 personam
716 1428 883 1468 poneret,
913 1424 1066 1469 singulis
1090 1425 1231 1458 civibus
1263 1426 1452 1459 maiorem.
1508 1426 1586 1459 Iam
1609 1425 1686 1459 for-

321 1488 432 1522 titudo
459 1487 602 1530 quidem
625 1486 763 1519 insulae
785 1486 1025 1519 Aeacidarum
1049 1486 1181 1519 fabulis
1206 1487 1390 1520 declarata
1414 1490 1477 1529 est,
1502 1490 1540 1520 ut
1562 1498 1686 1530 saepe,

321 1549 495 1584 iustitiam
519 1560 627 1592 quum
652 1548 787 1581 directa
812 1549 974 1581 oratione
990 1548 1168 1589 laudaret,
1193 1548 1393 1591 mythicum
1412 1548 1576 1581 habitum
1597 1548 1686 1582 scite

324 1611 461 1646 addidit
485 1611 557 1651 sic,
582 1613 620 1642 ut
645 1609 690 1641 ab
716 1608 794 1651 ipso
819 1609 967 1640 deorum
993 1608 1138 1641 numine
1163 1620 1245 1642 eam
1268 1614 1458 1653 repeteret,
1485 1608 1622 1654 τεθμὸς
1647 1609 1688 1645 δέ

322 1685 377 1712 τις
402 1669 607 1706 ἀθανάτων
630 1669 694 1704 καὶ
717 1667 821 1704 τάνδ’
847 1667 1014 1714 ἁλιερκέα
1039 1668 1162 1714 χώραν
1183 1673 1482 1705 παντοδαποῖσιν
1507 1670 1688 1708 ὑπέστασε

321 1733 439 1777 ξένοις
464 1733 571 1767 κίονα
596 1732 804 1775 δαιμονίαν.
839 1732 940 1774 Quae
958 1735 1054 1764 recte
1078 1731 1129 1764 sic
1153 1742 1174 1765 a
1198 1744 1256 1765 me
1281 1732 1436 1778 intelligi
1461 1735 1564 1767 docet
1589 1734 1688 1768 aliud

324 1797 542 1839 exemplum.
576 1793 677 1826 Nem.
694 1794 720 1826 Ι.
746 1793 875 1836 triplex
901 1793 1065 1826 Chromii
1089 1794 1168 1826 laus
1190 1794 1226 1826 in
1249 1794 1379 1826 maiori
1395 1795 1543 1828 Siciliae
1564 1807 1687 1829 exem-

324 1859 384 1902 plo
419 1856 607 1890 coniuncta
631 1855 859 1898 proponitur,
892 1858 931 1887 ut
964 1859 1083 1887 autem
1115 1853 1222 1887 simul
1245 1856 1406 1899 mythica
1439 1857 1558 1890 forma
1583 1857 1686 1898 adsit,

325 1920 419 1952 haec
453 1919 586 1950 decora
621 1916 758 1949 insulae
794 1917 839 1949 ab
871 1917 949 1959 ipso
984 1926 1123 1948 summo
1155 1916 1240 1949 Iove
1266 1918 1428 1959 profecta
1460 1918 1578 1951 tradit.
1626 1919 1688 1952 Sic

325 1979 435 2024 igitur
472 1978 561 2011 talia
586 1988 725 2020 quoque
751 1980 828 2009 arte
852 1982 980 2019 poetae
1005 1981 1087 2010 sunt
1110 1978 1272 2021 mythica
1296 1978 1414 2020 facta,
1449 1980 1541 2022 quod
1565 1983 1688 2013 tenen-

326 2041 411 2074 dum
443 2040 552 2073 etiam
583 2042 776 2082 propterea
809 2041 879 2075 est,
913 2048 956 2069 nc
982 2037 1091 2071 aliam
1123 2038 1253 2071 horum
1278 2041 1479 2074 camninum
1511 2040 1688 2075 rationem

326 2104 464 2137 credas.
512 2101 562 2135 Ac
588 2101 632 2134 de
657 2111 721 2133 usu
745 2099 951 2132 fabularum
976 2099 1064 2132 satis
1089 2099 1234 2133 dictum.

573 2253 616 2285 B.
666 2253 728 2286 DE
758 2251 1098 2286 TRACTATIONE
1128 2253 1438 2288 FABULARUM.

417 2346 487 2389 Qui
512 2347 624 2379 semel
651 2347 694 2380 de
727 2346 862 2380 fabulis
885 2346 981 2389 apud
1005 2346 1199 2379 Pindarum
1235 2348 1419 2390 disputare
1450 2348 1586 2392 coepit,
1621 2360 1690 2382 non

326 2407 544 2442 satisfecerit
576 2408 784 2450 provinciae
807 2412 1013 2450 susceptae,
1038 2406 1103 2439 nisi
1127 2407 1235 2440 etiam
1261 2408 1305 2440 de
1331 2409 1540 2441 tractatione
1564 2419 1691 2442 earum

327 2469 475 2508 dixerit3
501 2480 608 2512 quum
633 2469 727 2502 enim
753 2470 844 2503 inter
868 2480 990 2502 omncs
1015 2473 1148 2501 constet
1171 2469 1281 2502 aliam
1307 2480 1384 2501 esse
1401 2470 1554 2513 epicam,
1579 2470 1689 2503 aliam

327 2531 481 2576 lyricam
506 2530 675 2564 narrandi
700 2530 885 2571 rationem,
912 2530 987 2563 iure
1012 2540 1176 2572 quaeras,
1201 2531 1378 2573 quomodo
1403 2531 1549 2565 Pindari
1572 2542 1631 2564 ars
1654 2531 1690 2564 in

328 2604 371 2626 ea
395 2605 435 2626 re
459 2597 604 2626 versata
626 2592 690 2632 sit,
722 2596 756 2625 et
780 2592 863 2635 quid
889 2591 933 2624 ad
957 2590 1233 2634 explicationem
1257 2591 1332 2623 eius
1356 2591 1439 2624 inde
1463 2592 1543 2625 duci
1569 2591 1690 2636 possit.

327 2655 445 2697 Quam
471 2654 617 2697 quidem
641 2665 710 2698 ego
736 2653 1011 2696 disputationem
1036 2651 1086 2685 ita
1109 2651 1281 2695 dividam,
1307 2655 1346 2685 ut
1364 2653 1519 2696 primum
1545 2653 1588 2686 de
1611 2652 1691 2686 uni—

326 2715 459 2750 tatibus
484 2715 692 2750 fabularum
715 2714 833 2749 dicam
859 2725 880 2748 a
905 2714 1060 2748 Pindaro
1085 2714 1229 2757 positis,
1263 2714 1390 2748 deinde
1417 2714 1460 2747 de
1492 2715 1634 2748 delectu
1656 2717 1690 2747 et
