1751 2986
1382 124 1451 152 xcl

89 212 255 254 Cononis,
278 211 478 255 Timothei,
499 212 708 258 Evagorae,
725 212 894 256 aliorum,
914 213 1025 247 fuisse
1042 212 1264 255 reeentiora3
1288 226 1324 249 v.
1342 215 1450 249 Paus.

86 275 117 317 l,
141 274 176 308 3.
222 274 412 309 Postremo
436 273 618 308 silentium
639 274 807 308 Isocratis
825 285 902 308 esse
927 275 1111 308 disertum.
1156 275 1239 320 Ego
1256 276 1454 319 superiori-

87 336 156 371 bus
191 335 335 380 quidem
367 335 591 381 argumentis
620 347 732 381 aegre
756 337 960 379 crederem,
993 337 1119 371 ultimo
1149 337 1376 381 potissimum
1405 339 1452 372 ad

89 398 307 437 credendum
328 398 508 442 impellor.
566 398 713 432 Constat
746 398 841 432 enim
866 398 977 432 hodie
1010 398 1120 432 etiam
1143 400 1217 433 alia
1240 399 1345 445 signa
1368 401 1453 434 illu-

86 459 214 494 utrium
253 459 416 494 virorum
464 459 538 493 iam
583 460 829 504 superioribus
872 460 1096 504 temporibus
1136 461 1287 495 Athenis
1331 466 1453 497 erecta

87 520 217 564 fuisse,
240 522 353 555 veluti
375 524 532 556 statuam
555 522 786 566 Epicharmi,
820 523 954 556 Critiae
982 527 1017 556 et
1040 522 1208 557 Nesiotae
1231 533 1332 566 opust,
1356 526 1453 557 certe

86 586 169 617 ante
193 583 340 628 Olymp.
358 584 573 625 Lxxxx·1.;
597 584 808 627 Diitrephis,
827 585 986 618 Cresilae
1006 588 1132 626 artem,
1147 584 1292 629 Olymp.
1311 585 1451 627 xc1‚3.

85 643 175 678 Vide
209 644 316 678 Lud.
341 645 499 679 Rossii
524 645 646 679 Lettre
680 646 701 679 a
725 647 795 679 Mr.
823 646 1016 680 Thiersch.
1046 657 1080 678 n.
1106 644 1139 678 2.
1163 645 1198 678 3.
1223 646 1454 690 eiusdemque

85 702 323 750 Ἑγχειρίδιον
351 706 418 748 τῆς
440 704 700 750 ἀρχαιολογίας
726 707 800 740 τῶν
824 707 971 750 τεχνῶν,
1011 707 1042 740 1.
1074 709 1105 748 ς.
1131 705 1216 748 109,
1242 707 1275 740 1.
1311 720 1346 752 p.
1372 707 1452 743 140.

87 766 256 801 Ceterum
285 767 316 799 si
339 768 582 800 multaverunt
605 767 773 801 Thebani
797 768 1011 809 Pindarum,
1036 770 1280 802 multaverunt
1305 769 1453 812 plebeii,

86 827 148 872 qui
181 831 262 871 post
290 838 432 872 pugnas
456 828 695 861 Salaminiam
728 833 834 872 atque
859 830 1110 862 Plataeensem
1141 829 1383 873 Optimatibus
1407 832 1452 865 de

87 889 206 934 gradu
247 899 312 922 suo
350 888 512 932 depulsis
551 890 816 933 rempublicam
852 890 1138 933 capessiverant3
1181 902 1217 924 v.
1249 891 1450 925 Boeckh.

85 950 273 996 Fragmm.
298 962 334 994 p.
358 948 439 984 58⁰.
492 950 556 984 Vel
581 954 774 994 propterea
805 955 926 985 autem
950 952 994 985 de
1018 953 1172 986 multato
1196 956 1306 996 poeta
1329 953 1454 988 licebit

86 1011 266 1055 dubitare,
291 1012 387 1055 quod
410 1022 539 1056 parum
563 1012 737 1046 credibile
761 1012 923 1054 videtur,
955 1012 1142 1056 popularis
1165 1013 1309 1058 imperii
1333 1015 1454 1048 homi·-

85 1084 148 1107 nes
172 1073 207 1107 in
230 1074 455 1107 laudatorem
477 1074 748 1107 Atheniensium
772 1074 1084 1108 animadversuros
1111 1075 1236 1110 fuisse.
1283 1077 1454 1111 Ceterum

85 1134 282 1169 Pindarum
314 1136 468 1169 bonores
511 1135 579 1179 ipsi
611 1137 658 1169 ab
692 1136 971 1170 Atheniensibus
1003 1137 1128 1171 tributi
1162 1149 1232 1171 non
1266 1149 1378 1182 usque
1409 1149 1454 1173 eo

88 1201 393 1240 occaecaverant,
422 1202 463 1231 ut
491 1198 666 1241 quidlibet
698 1198 797 1231 ausis
828 1203 1078 1232 assentaretur.
1136 1198 1229 1232 Nam
1265 1211 1348 1233 cum
1373 1203 1453 1243 post

86 1257 152 1292 illa
179 1262 344 1302 tempora
374 1259 514 1294 maiora
546 1259 723 1303 spirantes
757 1259 863 1292 nimis
895 1271 975 1293 sese
1009 1261 1198 1302 efferrent,
1240 1262 1454 1304 praesertim

90 1319 237 1363 Olymp.
272 1320 437 1361 Lxxx„
473 1325 509 1354 et
539 1332 620 1354 cum
653 1321 914 1365 Aeginetarum
948 1322 1231 1365 rempublicam,
1266 1323 1454 1356 Thebanis

87 1384 194 1424 atque
225 1381 383 1415 Pindaro
416 1381 662 1424 carissimam,
706 1387 896 1424 vexarent,
928 1383 1072 1427 spiritus
1101 1395 1227 1418 eorum
1258 1385 1454 1419 identidem

88 1453 154 1487 per
177 1442 340 1476 carmina
364 1453 429 1476 sua
452 1443 635 1486 repressit.

176 1504 290 1538 Carus
329 1508 407 1538 erat
446 1504 622 1538 Pindarus
665 1505 775 1538 etiam
818 1504 899 1549 regi
933 1505 1194 1548 Macedoniae,
1237 1508 1452 1552 Alexandro,

86 1565 264 1610 Amyntae
287 1565 386 1607 filio,
412 1565 492 1609 qui,
516 1570 554 1599 ut
578 1566 702 1600 Solino
727 1571 868 1600 utamur
894 1566 1025 1611 I'olyh.
1048 1565 1102 1599 14.
1118 1594 1128 1609 ‚
1163 1569 1365 1612 „voluptati
1389 1580 1455 1603 au-

86 1628 181 1662 rium
202 1627 512 1673 indulgentissime
537 1629 698 1670 deditus,
732 1628 921 1671 plurimos,
953 1627 1013 1671 qui
1046 1628 1181 1661 fidibus
1204 1628 1388 1671 sciebant,
1418 1629 1454 1662 in

16 1712 21 1720 ·
87 1701 192 1724 usum
224 1689 476 1724 oblectamenti
509 1690 611 1723 donis
642 1689 754 1723 tenuit
777 1689 1006 1730 liberalibus,
1031 1689 1122 1723 inter
1147 1701 1234 1732 quos
1259 1690 1455 1724 Pindarum

85 1750 277 1796 lyricum.’'
322 1751 390 1784 Cui
413 1750 510 1794 regi,
545 1762 651 1794 quem
677 1755 822 1794 propter
846 1751 1007 1784 animum
1031 1761 1052 1784 a
1076 1752 1196 1785 Persis
1221 1752 1391 1795 alienum,
1418 1753 1455 1787 in

88 1812 249 1847 Graecos
261 1824 490 1857 propensum,
504 1812 701 1856 Φιλέλληνα
715 1812 1028 1858 cognominabant,
1042 1814 1244 1847 encomium
1261 1814 1456 1858 scripserat

85 1880 196 1919 poeta
217 1873 435 1920 πρόφαντος
453 1876 567 1921 σοφίᾳ
590 1872 873 1913 καθ”Έλλανας
898 1872 968 1908 ἐών
992 1877 1129 1916 παντᾶ,
1155 1875 1257 1908 cuius
1279 1876 1456 1920 reliquiae

88 1939 228 1971 exstant
249 1936 295 1970 fr.
318 1937 467 1970 Encom.
490 1937 524 1972 3.
548 1936 606 1979 4.‚
628 1937 692 1971 ubi
718 1949 753 1971 v.
778 1937 935 1979 Interpp.
984 1936 1084 1978 Quae
1108 1938 1233 1970 laudes
1258 1938 1295 1970 in
1317 1938 1455 1982 Amyn-

87 2000 148 2033 tae
177 1998 295 2033 filium
331 2001 485 2034 collatae
518 1999 627 2033 etiam
650 2003 732 2043 post
755 1997 893 2031 obitum
917 1998 1073 2030 tulerunt
1095 1997 1244 2031 fructus.
1291 1998 1385 2032 Nam
1410 2009 1456 2032 ea

87 2060 316 2104 potissimum
337 2060 408 2094 fuit
431 2071 561 2102 causa,
597 2072 661 2094 cur
683 2060 887 2094 Alexander
915 2058 1075 2102 Philippi
1099 2059 1294 2092 combustis
1316 2060 1457 2093 Thebis

90 2125 127 2156 et
155 2122 307 2155 aedibus
329 2121 476 2155 Pindari
506 2121 607 2164 parci
639 2121 782 2154 iuberet
805 2123 841 2153 et
870 2119 1032 2162 posteris.
1085 2120 1153 2153 Dio
1179 2122 1457 2165 Chrysostomus

90 2167 191 2218 Ora-t.
216 2183 261 2216 de
284 2183 415 2228 Regno
438 2182 482 2215 11.
509 2193 542 2225 p.
567 2179 631 2214 25:
667 2177 901 2224 Ἐπεμνήσθη
927 2181 993 2215 τοῦ
1019 2180 1211 2227 Πινδάρου
1237 2182 1299 2217 διά
1323 2195 1362 2217 τε
1386 2181 1456 2227 τὴν

89 2242 332 2290 λαμπρότητα
354 2245 422 2288 τῆς
446 2242 592 2287 φύσεως
615 2241 679 2277 καὶ
711 2239 769 2277 ὅτι
799 2240 864 2277 τὸν
888 2240 1074 2288 πρόγονον
1106 2241 1225 2279 αὐτοῦ
1258 2241 1458 2289 ὁμώνυμον

91 2303 287 2352 ἐπῄνεσεν,
327 2303 559 2352 Ἀλέξανδρον
589 2303 656 2340 τὸν
689 2303 888 2348 Φιλέλληνα
922 2303 1180 2349 ἐπικληθέντα.
1247 2306 1459 2340 Eustathius

90 2367 148 2402 28.
180 2380 216 2413 p.
239 2367 306 2401 212
342 2367 497 2412 Λέγεται
528 2367 614 2409 καὶ,
646 2364 695 2406 ὥς
727 2364 900 2404 Λάκωνες
932 2363 1184 2411 ἔμπρήσαντές
1214 2380 1304 2403 ποτε
1331 2368 1458 2414 Θήβας

92 2427 188 2465 κατὰ
208 2427 342 2474 μάχην,
364 2424 410 2474 ἧς
432 2423 518 2475 ἦρξε
536 2427 754 2468 Παυσανίας
780 2426 798 2462 ὁ
823 2428 927 2472 σφῶν
951 2426 1135 2473 βασιλεύς,
1159 2427 1362 2474 ἀπέσχοντο
1387 2428 1459 2474 μό-

92 2503 158 2536 νης
180 2492 248 2536 τῆς
272 2491 392 2532 οἰκίας
414 2491 484 2526 τοῦ
506 2490 687 2534 ποιητοῦ,
713 2488 855 2530 ἰδόντες
879 2489 1190 2536 ἐπιγεγραμμένον
1215 2491 1278 2527 τό·

185 2551 434 2600 Πινδάρου
461 2553 545 2588 τοῦ
566 2553 868 2597 μουσοποιοῦ
891 2551 976 2597 τὴν
1001 2551 1167 2598 στέγην
1192 2551 1248 2598 μὴ
1284 2550 1459 2587 παίετε.

98 2614 219 2650 Τοῦτο
243 2613 297 2657 δέ,
322 2617 427 2660 φασί,
451 2614 516 2651 καὶ
537 2612 766 2661 Ἀλέξανδρος
788 2614 882 2659 μετὰ
905 2616 1026 2651 ταῦτα
1049 2616 1240 2660 πεποίηκε.
1286 2613 1363 2649 Καὶ
1387 2611 1460 2648 αὐ·

94 2673 160 2717 τὸς
190 2674 260 2723 γὰρ
291 2675 479 2724 ἐμπρήσας
504 2675 632 2724 Θήβας
665 2675 824 2723 ἐφύλαξε
848 2677 916 2724 τὴν
940 2678 1084 2722 οἰκίαν,
1106 2675 1133 2724 ἢ
1159 2678 1222 2713 καὶ
1247 2677 1299 2719 εἰς
1321 2688 1460 2723 πρυτα-
