1794 2982
588 115 890 157 OLYMPIA
927 115 1002 157 lx,
1423 116 1478 156 59

155 229 220 274 95
252 221 307 270 τὰ
341 223 388 269 δὲ
425 221 672 289 Παρρασίῳ
707 227 876 288 στρατῷ
1281 222 1386 271 Ἀντ.
1423 224 1474 271 δ’.

253 288 516 351 θαυμαστὸς
550 288 631 337 ἐών
663 290 785 354 φάνη
807 288 954 353 Ζηνὸς
982 289 1095 352 άμφὶ
1113 290 1360 355 πανάγυριν
1377 300 1475 339 Λυ-

788 360 937 415 καίου,
1411 371 1474 404 145

254 426 327 471 καὶ
360 427 539 486 ψυχρᾶν
573 423 696 471 ὁπότ’
728 423 936 472 εὐδιανὸν
976 424 1213 486 φάρμακον
1247 425 1393 489 αὐρᾶν

258 491 465 557 Πελλάνα
499 492 629 554 φέρε·
665 491 878 550 σύνδικος
912 491 952 539 δ’
986 491 1107 558 αὐτῷ
1138 492 1309 541 Ἰολάου

255 559 420 621 τύμβος
454 561 619 606 εἰναλία
652 558 688 605 τ’
716 558 914 618 Ἐλευσὶς
948 558 1205 622 ιῖγλαῖαισιν.
1410 572 1475 606 150

125 632 221 677 100
253 625 305 674 τὸ
334 628 381 674 δὲ
414 631 513 692 φυᾷ
543 626 777 688 κράτιστον
817 625 951 675 ἅπαν·
986 629 1145 675 πολλοὶ
1177 629 1224 676 δὲ
1253 631 1476 688 διδακταῖς

254 694 502 754 ἀνθρώπων
536 693 705 755 άρεταῖς
737 695 866 753 κλέος

255 761 465 823 ὤρουσαν
499 761 688 811 ἑλέσθαι.
1413 776 1476 808 155

253 827 361 876 ἄνευ
395 830 442 876 δὲ
476 832 595 875 θεοῦ
629 829 911 890 σεσιγαμένον

253 895 312 944 οὕ
341 895 595 957 σκαιότερον
628 895 755 960 χρῆμ’
789 897 982 944 ἕκαστον.
1032 898 1117 945 ἐντὶ
1149 898 1233 961 γὰρ
1267 896 1398 945 ἄλλαι

125 1002 219 1047 105
257 995 379 1044 ὁδῶν
413 996 514 1044 ὁδοὶ
546 998 808 1058 περαίτεραι,
1293 999 1385 1046 'Em
1422 999 1473 1045 δ’.

250 1066 329 1126 μία
362 1063 401 1111 δ’
434 1063 518 1126 οὐχ
553 1062 746 1122 ἅπαντας
777 1063 888 1126 ἄμμε
922 1066 1083 1127 θρέψει
1413 1079 1475 1112 160

251 1133 428 1195 μελέτα·
474 1133 631 1194 σοφίαι
665 1133 742 1192 μὲν
1052 1194 1069 1201 ἢ

253 1201 462 1247 αἰπειναί·
497 1205 631 1247 τοῦτο
664 1201 711 1247 δὲ
745 1200 1007 1261 προςφέρων
1041 1203 1197 1258 ἆθλον,

253 1266 412 1328 ὄρθιον
445 1266 617 1329 ὤρυσαι
649 1268 868 1328 θαρσέων,

126 1339 219 1384 110
252 1335 370 1383 τόνδ’
403 1334 536 1397 άνέρα
569 1337 773 1400 δαιμονίᾳ
805 1333 986 1397 γεγάμεν

253 1402 449 1464 εὔχειρα,
484 1401 726 1465 δεξιόγυιον
738 1441 749 1461 ,
785 1401 936 1462 ὁρῶντ’
970 1402 1122 1462 ἅλκάν,
1412 1418 1475 1451 165

254 1472 469 1518 Αἰαντέων
488 1470 524 1517 τ’
543 1471 587 1517 ἐν
605 1470 726 1518 δαίθ’
748 1468 798 1528 ὃς
817 1469 978 1517 Ἰλιάδα
996 1477 1130 1520 νικῶν
1149 1473 1474 1536 ἐπεστεφάνωσε

786 1537 947 1598 βωμόν.

165 1649 196 1672 ν.
226 1638 301 1670 103.
333 1637 570 1681 σεσιγαμένον
593 1633 622 1680 γ’
653 1656 697 1661 —
722 1649 752 1669 v.
776 1638 848 1670 107.
874 1635 949 1681 μάν
974 1657 1015 1663 -
1050 1650 1079 1670 ν.
1113 1640 1184 1673 llO.
1212 1640 1412 1685 δαιμονίως
1431 1662 1474 1667 -

121 1694 154 1714 ν.
179 1683 254 1715 112.
280 1682 459 1718 Αἱάντεόν
482 1696 520 1718 τε
546 1681 651 1718 δαῖθ’
675 1679 717 1722 ὃς
743 1681 900 1717 Οίλιάδα

120 1770 217 1800 certe
241 1766 276 1800 in
299 1767 505 1802 Homericis
528 1779 598 1800 non
622 1768 777 1800 offensus
801 1771 854 1800 est
876 1768 910 1801 in
935 1767 1100 1801 elidendo
1125 1769 1258 1812 dativo,
1283 1782 1396 1814 neque
1414 1772 1476 1806 ille

120 1813 167 1846 ad
189 1812 367 1856 synizesin
391 1813 563 1857 confugit,
587 1817 626 1846 ut
641 1814 869 1847 Hei-mannus
887 1815 943 1848 El.
963 1814 1004 1846 D.
1023 1814 1075 1846 M.
1094 1827 1127 1858 p.
1144 1815 1200 1848 55.
1232 1817 1344 1849 l’orro
1363 1817 1476 1851 Αἰάν-

119 1869 218 1892 τεον
242 1858 287 1891 ob
311 1863 463 1892 metrum
488 1859 705 1892 Boeckhius.
752 1860 913 1901 Denique
937 1857 1074 1892 Ἰλιάδα
1097 1861 1132 1893 in
1157 1861 1340 1894 codicibus
1363 1863 1476 1906 pluri-

118 1903 188 1936 mis
204 1904 363 1938 Οἰλιάδικ
386 1906 447 1938 vel
461 1903 628 1939 Όϊλιάδα
651 1904 822 1948 seriptum
841 1905 997 1938 Scholiis
1020 1906 1201 1938 veteribus
1226 1907 1474 1941 confirmatur:

120 1946 210 1983 ἄνευ
235 1950 304 1984 τοῦ
327 1951 348 1984 6
373 1951 494 1991 εἴρηκε
518 1949 559 1985 τὸ
584 1947 733 1987 Ἰλιάδα,
769 1947 818 1986 ὥς
851 1949 924 1983 πού
950 1961 1040 1992 φησι
1064 1951 1126 1983 καὶ
1148 1949 1336 1991 (Ησίοδος,
1368 1954 1476 1986 Cata-

118 1994 196 2040 logi
219 1994 263 2028 fr.
291 1996 480 2036 CXXXVI,
504 2008 539 2039 p.
565 1995 643 2029 329.
670 1995 959 2028 Marckscheffel.
996 1997 1158 2029 Eandem
1174 1997 1331 2030 formam
1356 2009 1377 2031 a
1394 1999 1475 2032 Ste-

119 2040 263 2073 sichoro
289 2052 429 2084 quoque
448 2041 511 2084 (fr.
528 2042 659 2074 XXIII.
677 2040 814 2081 Klein.)
832 2044 1052 2083 usurpatam,
1078 2052 1099 2074 a
1116 2042 1297 2076 Zenodoto
1314 2043 1382 2086 ipsi
1396 2045 1475 2077 Ho-

119 2096 220 2118 mero
242 2086 461 2129 impertitam
485 2097 527 2119 ex
552 2088 648 2119 male
672 2086 862 2118 intellectis
886 2086 974 2118 locis
988 2087 1193 2120 Homericis
1215 2099 1380 2122 manasse
1394 2090 1478 2122 Ari-

118 2131 284 2163 starchus
307 2131 496 2173 aliquoties
520 2130 721 2169 admonuit3
753 2131 835 2163 vide
859 2130 1051 2164 Lehrsium
1086 2133 1130 2165 de
1152 2133 1350 2167 Aristarchi
1374 2135 1475 2170 stud.

119 2175 228 2208 Hom.
247 2187 282 2219 p.
301 2175 367 2209 179
383 2187 456 2219 seq.
487 2177 710 2220 Hesychius:
734 2171 908 2218 ’[λιάδης·
935 2175 954 2210 ὁ
971 2175 1084 2215 Ἰλέως
1094 2179 1184 2224 (leg.
1199 2178 1363 2223 Ὀιλέως)
1376 2184 1475 2221 παῖς.

118 2220 307 2254 Postremo
338 2233 450 2264 nuper
481 2222 711 2255 Hermannus
741 2221 774 2254 in
799 2222 922 2265 Eurip.
949 2223 1029 2266 Iph.
1053 2223 1134 2257 Aul.
1157 2223 1258 2258 1127.
1284 2229 1399 2260 totum
1421 2229 1477 2261 lo-

121 2277 202 2299 cum
228 2267 281 2300 sic
304 2267 562 2300 conformavit:

519 2310 726 2354 δεξιόγυιον
749 2308 846 2356 ὁρῶν
869 2309 900 2345 τ’
924 2309 1043 2346 οἷλκὰν

518 2357 706 2392 Αἰαντέων
730 2355 768 2390 ἐν
793 2357 893 2391 δαιτὶ
916 2355 1053 2393 Ἰλιάδα

518 2404 631 2437 νικῶν
657 2402 931 2446 ἐπεστεφάνωσε
956 2402 1093 2447 βωμόν.

119 2447 160 2480 In
184 2458 255 2490 quo
280 2445 377 2493 ὁρῶν
399 2445 430 2481 τ’
453 2450 561 2483 valde
589 2449 771 2492 displicet,
796 2449 967 2482 omissum
989 2461 1186 2493 pronomen
1218 2455 1342 2486 contra
1363 2453 1477 2486 libros

120 2491 273 2535 optimos
297 2496 332 2526 et
348 2493 512 2535 Scholia,
538 2494 708 2528 omissum
733 2506 770 2528 τε
795 2500 874 2538 post
897 2494 1084 2529 Αἰάντεον.
1121 2497 1241 2540 Quare
1266 2510 1335 2542 ego
1352 2509 1477 2532 serva-

121 2537 167 2571 tis
200 2537 351 2581 reliquis
373 2539 559 2574 Αἰαντέων
589 2545 708 2574 tamen
741 2540 863 2574 ascivi.
911 2541 1003 2574 Nam
1028 2553 1119 2585 quae
1143 2547 1265 2576 contra
1287 2543 1476 2577 victoriam

121 2581 158 2615 in
176 2583 584 2628 Aeanteisffreportatam
598 2612 607 2628 ‚
631 2589 671 2619 ut
694 2586 844 2619 Scholia
869 2591 1056 2630 ceperunt,
1079 2589 1249 2621 movebat
1272 2589 1478 2623 Boeckhius

121 2628 242 2671 Expll.
267 2629 304 2662 h.
329 2631 367 2671 l.‚
391 2641 460 2663 non
483 2632 569 2665 satis
593 2631 723 2676 gravia
748 2631 922 2665 videntur.
959 2633 1161 2666 Verisimile
1178 2633 1273 2666 enim
1292 2635 1477 2668 Boeckhio

122 2684 192 2706 non
214 2674 405 2708 videbatur
439 2680 519 2719 post
552 2679 780 2710 enumeratas
804 2688 914 2721 supra
936 2679 1170 2722 Epharmosti
1192 2678 1362 2713 victorias
1385 2692 1477 2714 nunc

122 2717 335 2763 singillatim
359 2721 404 2754 (le
426 2722 497 2755 hac
520 2733 560 2755 re
583 2722 665 2755 dici.
713 2722 836 2767 sest]
