1751 2986
1378 130 1441 157 Lx}

82 225 295 260 valetudinis
311 226 439 259 saltem
457 225 638 258 medicum
655 224 814 258 divinum
833 224 1038 268 impetrare,
1058 228 1092 257 et
1109 227 1191 256 tunc
1210 235 1291 257 cum
1308 223 1443 267 hymno

83 287 237 331 epinicio
262 287 308 320 ad
332 291 367 320 te
383 287 556 329 venirem,
580 288 640 320 lux
655 288 730 319 sole
751 286 922 320 illustrior
946 286 1176 325 accedereni3
1202 297 1292 319 nunc
1311 291 1443 328 autem,

83 360 194 392 quum
217 349 266 382 dii
292 360 360 382 non
387 348 468 382 dent
492 349 561 382 duo
577 349 685 387 bona,
711 348 774 381 sed
799 359 867 380 uno
888 359 970 380 cum
986 348 1080 380 bono
1100 347 1181 380 bina
1201 349 1310 389 mala,
1335 349 1443 381 etium

83 411 135 444 sic
157 411 270 452 bono,
309 411 405 454 quod
428 410 554 452 habes,
578 422 647 442 uno
672 420 777 453 quam
803 409 916 452 possis
941 408 1073 452 optime
1098 421 1181 442 usus
1206 409 1446 443 comissationi

83 472 245 517 indulge,
268 475 304 505 et
328 471 488 505 carmina
506 475 693 515 poetarum
713 482 843 513 quaere
866 470 1172 504 innnortalitatem
1188 471 1252 504 tibi
1270 472 1446 515 parantia.

84 533 178 567 Hinc
205 537 303 577 patet
326 544 450 566 cursus
475 531 654 565 carminis.
700 532 845 565 Orditur
871 543 892 564 a
918 532 1084 565 Chironis
1108 533 1214 566 laude
1242 540 1277 567 et
1300 545 1321 567 a
1346 536 1446 568 vale-

85 595 216 629 tudinis
246 595 404 637 rafione,
435 606 519 627 mox
552 594 742 637 interponit
771 593 935 627 fabulam
969 594 1012 627 de
1038 595 1231 637 Coronide,
1267 601 1446 638 postremo

85 657 179 690 redit
210 657 256 690 ad
289 657 430 690 initium
464 660 499 689 et
530 655 667 699 primae
700 655 894 687 sententiae
928 667 1069 687 cursum
1104 657 1269 690 absolvit.
1323 658 1447 701 'Neque

85 730 172 752 vero
189 730 282 751 nunc
296 718 489 751 secundum
510 716 666 749 annectit
683 716 807 748 orbem
829 728 959 759 rerum,
985 728 1076 759 quae
1096 718 1332 752 intolerabilis
1354 719 1448 752 ratio

87 784 190 822 esset,
212 780 276 812 sed
300 779 335 812 in
357 779 430 811 fine
455 776 697 810 antecedentis
721 776 804 818 loci,
828 782 1017 820 antequam
1038 790 1119 811 eum
1143 780 1321 822 absolvat,
1346 781 1448 814 initia

85 840 170 875 novi
193 839 290 873 orbis
307 839 419 883 ponit,
437 838 723 872 comissationem
742 838 935 881 epiniciam
955 851 1252 883 commemorans,
1277 843 1322 875 ad
1342 854 1449 885 quam

87 914 164 936 rem
189 902 223 935 in
241 901 336 935 exitu
363 900 538 944 ampliore
563 899 737 933 sententia
760 900 863 939 redit,
888 905 1057 943 tanquam
1082 902 1127 934 ad
1153 902 1315 935 ultimum
1340 903 1450 936 finem

88 963 270 1003 carminis,
309 962 507 1006 praemisso
533 961 663 995 eximio
688 963 767 994 loco
794 963 837 995 de
862 973 1003 995 summa
1027 964 1110 1007 lege
1134 964 1232 998 vitae
1256 966 1450 1007 humanae,

88 1026 150 1070 qui
173 1029 210 1059 ut
232 1025 335 1068 sequi
358 1025 514 1058 debebat
531 1024 687 1067 priorem
703 1023 871 1057 carminis
892 1029 1043 1067 partem,
1067 1024 1116 1058 ita
1133 1027 1350 1068 praecedere
1375 1027 1451 1060 exi·

87 1093 176 1123 tum.
234 1087 307 1122 Sed
339 1085 736 1131 magnificentissimum
769 1086 974 1128 exemplum
1009 1085 1168 1119 eiusdem
1204 1087 1450 1130 descriptionis

89 1161 232 1184 carmen
251 1149 353 1183 Nem.
373 1148 450 1181 Vll.
470 1151 534 1181 est.
559 1148 679 1190 Quum
696 1147 912 1180 'l‘hearionis
931 1146 1074 1180 familia
1097 1147 1232 1181 invidia
1256 1149 1449 1191 laboraret,

88 1213 213 1246 thema
231 1209 438 1245 difficillimi
463 1209 631 1243 carminis
656 1214 718 1251 est,
743 1214 781 1242 ut
804 1209 970 1251 vidimus,
996 1210 1039 1243 de
1060 1211 1189 1243 virtute
1212 1222 1310 1253 vera,
1335 1212 1451 1244 laudis

89 1279 124 1309 et
147 1273 292 1307 honoris
323 1271 484 1316 praemio
515 1270 700 1304 indelebili
735 1274 871 1303 ornata.
928 1272 1009 1303 lloc
1034 1272 1170 1305 orditur
1194 1272 1227 1305 in
1254 1274 1451 1316 prooemio,

88 1337 198 1370 robur
221 1335 375 1380 Sogenis
406 1333 592 1366 celebrans
618 1333 663 1365 ab
690 1332 837 1376 llithyia
867 1332 1025 1374 insitum,
1061 1338 1095 1366 et
1120 1335 1240 1377 poesin
1266 1336 1452 1368 ostendens

88 1398 275 1442 speculum
299 1407 377 1429 esse
402 1398 436 1428 et
456 1394 784 1437 compensationem
809 1404 930 1427 rerum
950 1400 1133 1438 gestarum
1160 1395 1344 1438 optimam.
1380 1396 1452 1430 Sed

90 1471 159 1493 non
183 1457 340 1492 absolvit
360 1467 457 1495 rem3
492 1455 618 1489 transit
650 1456 695 1488 ad
722 1455 887 1500 Ulyssem
922 1456 1101 1489 immerito
1126 1458 1312 1490 laudatum
1348 1462 1382 1491 et
1407 1459 1451 1491 ad

90 1521 239 1556 Aiacem
258 1518 606 1561 Neoptolemumque
634 1515 800 1549 iniuriam
825 1528 967 1560 passos,
993 1523 1030 1551 at
1055 1523 1201 1552 aeterno
1225 1521 1364 1553 honore
1387 1520 1455 1553 sso-

91 1586 220 1615 rentes.
278 1580 378 1623 Quae
410 1589 468 1611 res
498 1577 729 1620 interpositae
761 1578 845 1621 quid
876 1579 945 1612 sibi
974 1580 1122 1613 volunt?
1179 1582 1453 1624 Exspectamus,

91 1642 295 1687 quaerimus
319 1638 607 1684 explicationem.
665 1638 739 1672 Nec
763 1640 920 1681 frustra3
952 1641 1044 1675 redit
1069 1647 1173 1685 poeta
1206 1643 1342 1676 directa
1373 1653 1454 1676 ora-

91 1704 186 1739 tione
211 1704 257 1738 ad
281 1701 432 1742 initium,
459 1704 653 1743 pertractat
676 1701 797 1734 locum
822 1702 865 1735 de
891 1702 1040 1736 victoria
1063 1704 1216 1749 Sogenis
1240 1706 1307 1738 rite
1332 1717 1455 1749 repor-

92 1770 167 1801 tata
201 1769 235 1799 et
269 1765 313 1799 de
338 1762 457 1808 poesi,
491 1762 727 1805 videmusque
751 1763 922 1797 eximium
946 1765 1065 1799 laudis
1090 1766 1290 1809 praemium
1314 1771 1457 1810 propter

91 1839 150 1862 res
174 1826 325 1872 egregie
347 1828 469 1870 gestas
495 1835 586 1857 nunc
610 1823 720 1857 etiam
744 1825 879 1869 Sogeni
904 1837 925 1860 a
949 1827 1055 1860 Musa
1080 1827 1306 1869 destinatmu,
1332 1840 1457 1871 quem-

93 1889 287 1924 admodum
303 1888 392 1922 Aiax
418 1890 453 1920 et
472 1885 743 1929 Neoptolemus,
766 1886 952 1922 fortissimi
977 1890 1120 1929 heroes,
1135 1894 1320 1923 aeternum
1343 1891 1458 1923 liono-

93 1963 172 1985 rem
195 1950 341 1984 habeut.
402 1949 584 1982 Hactenus
610 1948 723 1988 bene;
757 1953 875 1982 tamen
902 1961 964 1982 cur
988 1949 1157 1983 iniuriam
1183 1962 1305 1994 passos
1329 1952 1458 1984 heroes

94 2011 310 2056 comparat?
349 2009 444 2054 Quia
468 2009 580 2043 etiam
601 2010 819 2044 Theai-ionis
842 2010 984 2044 familia
1009 2010 1144 2044 invidia
1168 2012 1321 2045 laborat.
1362 2013 1458 2046 Ecce

94 2073 204 2107 etiam
221 2073 291 2106 hoc
309 2071 577 2117 significaturus
601 2075 708 2114 poeta
725 2076 806 2106 ante
831 2073 1002 2115 repetitas
1021 2072 1175 2117 Sogenis
1200 2074 1325 2106 laudes
1351 2085 1458 2117 prae-

95 2133 202 2168 mittit
226 2134 338 2167 alium
361 2134 494 2175 locum,
519 2132 580 2165 ubi
605 2133 690 2166 data
714 2144 826 2176 opera
842 2134 1086 2167 Tliearionem
1111 2135 1296 2178 praedicat
1321 2140 1356 2169 et
1380 2140 1458 2169 tan-

94 2203 185 2241 gens
207 2204 364 2238 pravum
388 2193 610 2228 obtrectandi
632 2195 801 2237 studium,
836 2206 858 2229 a
883 2206 961 2229 sese
986 2197 1092 2239 plane
1117 2197 1273 2230 alienum
1299 2197 1461 2232 affirmat

95 2267 174 2291 esse
198 2266 352 2300 pravum
376 2255 564 2289 consilium
588 2267 694 2290 veras
718 2257 843 2290 laudes
867 2257 1042 2291 invidiose
1060 2258 1312 2292 calumniandi.
1347 2261 1462 2303 Atque

96 2318 147 2352 ita
168 2329 226 2351 res
251 2327 294 2351 eo
319 2317 476 2350 adducta
499 2321 564 2359 est,
590 2322 628 2352 ut
651 2319 804 2352 heroum
831 2320 973 2353 illorum
998 2321 1306 2364 comparationem
1330 2322 1462 2356 intelli-

95 2390 239 2425 gamus,
264 2381 300 2412 et
324 2379 368 2412 de
392 2378 537 2424 Sogene
562 2391 625 2413 cur
650 2379 702 2412 sie
726 2380 832 2414 dicat.
892 2382 1000 2415 Putes
1024 2393 1114 2414 nunc
1138 2382 1279 2416 finitum
1304 2395 1462 2425 carmen,

95 2441 160 2475 sed
191 2443 303 2475 restat
335 2439 410 2475 alia
439 2441 614 2484 quaestio.
674 2443 744 2475 Cur
776 2443 898 2476 dicens
931 2443 974 2476 de
999 2443 1216 2476 Thearionis
1249 2445 1357 2478 rebus
1389 2449 1462 2478 tam

96 2503 279 2549 graviter,
314 2506 414 2536 tanta
439 2514 522 2536 cum
544 2503 581 2537 vi
610 2515 689 2537 sese
715 2503 894 2545 defendit,
925 2515 1003 2537 sese
1037 2503 1193 2539 alienum
1227 2507 1406 2540 contendit
1439 2517 1462 2540 a

97 2563 341 2599 calumniandi
371 2564 551 2598 consilio?
604 2566 700 2600 Inest
728 2565 840 2611 igitur
871 2565 908 2598 in
934 2565 1005 2599 illis
1028 2566 1149 2600 verbis
1184 2566 1284 2600 aliud
1307 2567 1463 2601 nondum

99 2626 327 2671 explicatum.
383 2626 479 2660 Ecce
503 2627 614 2662 etiam
639 2628 709 2662 hoc
740 2632 848 2672 poeta
870 2627 1013 2662 indicat.
1076 2629 1271 2672 Postquam
1294 2629 1464 2663 laudibus
