<?xml version="1.0" encoding="UTF-8"?>
<!DOCTYPE html PUBLIC "-//W3C//DTD XHTML 1.0 Transitional//EN"
    "http://www.w3.org/TR/xhtml1/DTD/xhtml1-transitional.dtd">
<html xmlns="http://www.w3.org/1999/xhtml" xml:lang="en" lang="en">
 <head>
  <title>
</title>
<meta http-equiv="Content-Type" content="text/html;charset=utf-8" />
  <meta name='ocr-system' content='tesseract 3.04.00' />
  <meta name='ocr-capabilities' content='ocr_page ocr_carea ocr_par ocr_line ocrx_word'/>
</head>
<body>
  <div class='ocr_page' id='page_1' title='image "./carminaquaesuper01pinduoft_0130.png"; bbox 0 0 1751 2986; ppageno 0'>
   <div class='ocr_carea' id='block_1_1' title="bbox 310 179 1099 222">
    <p class='ocr_par' dir='ltr' id='par_1_1' title="bbox 310 179 1099 222">
     <span class='ocr_line' id='line_1_1' title="bbox 310 179 1099 222; baseline -0.003 -1"><span class='ocrx_word' id='word_1_1' title='bbox 310 192 398 222; x_wconf 73' lang='lat' dir='ltr'><strong>cxxv</strong></span> <span class='ocrx_word' id='word_1_2' title='bbox 898 179 1099 219; x_wconf 82' lang='lat' dir='ltr'>INDEX</span> 
     </span>
    </p>
   </div>
   <div class='ocr_carea' id='block_1_2' title="bbox 309 284 1681 2757">
    <p class='ocr_par' dir='ltr' id='par_1_2' title="bbox 311 284 1673 376">
     <span class='ocr_line' id='line_1_2' title="bbox 311 284 1673 365; baseline 0 -44"><span class='ocrx_word' id='word_1_3' title='bbox 311 287 491 333; x_wconf 81' lang='lat' dir='ltr'><strong>Olymp</strong></span> <span class='ocrx_word' id='word_1_4' title='bbox 514 285 573 328; x_wconf 81' lang='lat'><strong>76,</strong></span> <span class='ocrx_word' id='word_1_5' title='bbox 598 285 630 318; x_wconf 90' lang='lat'><strong>1.</strong></span> <span class='ocrx_word' id='word_1_6' title='bbox 678 284 805 319; x_wconf 87' lang='lat' dir='ltr'><strong>Thero</strong></span> <span class='ocrx_word' id='word_1_7' title='bbox 830 284 1151 330; x_wconf 79' lang='lat' dir='ltr'>Agrigentinorum</span> <span class='ocrx_word' id='word_1_8' title='bbox 1175 287 1345 329; x_wconf 83' lang='lat' dir='ltr'><strong>tyrannus</strong></span> <span class='ocrx_word' id='word_1_9' title='bbox 1370 286 1543 365; x_wconf 78' lang='lat' dir='ltr'><strong>Olympia</strong></span> <span class='ocrx_word' id='word_1_10' title='bbox 1567 297 1673 321; x_wconf 82' lang='lat' dir='ltr'><strong>curru</strong></span> 
     </span>
     <span class='ocr_line' id='line_1_3' title="bbox 446 343 1357 376; baseline -0.002 -1"><span class='ocrx_word' id='word_1_11' title='bbox 446 343 568 376; x_wconf 80' lang='lat' dir='ltr'><strong>vincit.</strong></span> <span class='ocrx_word' id='word_1_12' title='bbox 1355 371 1357 373; x_wconf 87' lang='grc'><em>,</em></span> 
     </span>
    </p>

    <p class='ocr_par' dir='ltr' id='par_1_3' title="bbox 378 368 1572 442">
     <span class='ocr_line' id='line_1_4' title="bbox 378 368 1572 442; baseline 0 -10"><span class='ocrx_word' id='word_1_13' title='bbox 378 399 556 432; x_wconf 80' lang='lat' dir='ltr'>Pindarus</span> <span class='ocrx_word' id='word_1_14' title='bbox 580 401 654 430; x_wconf 91' lang='lat' dir='ltr'><strong>tum</strong></span> <span class='ocrx_word' id='word_1_15' title='bbox 680 397 714 430; x_wconf 91' lang='lat' dir='ltr'><strong>in</strong></span> <span class='ocrx_word' id='word_1_16' title='bbox 743 396 901 430; x_wconf 85' lang='lat' dir='ltr'><strong>Graecia</strong></span> <span class='ocrx_word' id='word_1_17' title='bbox 926 408 1074 431; x_wconf 84' lang='lat' dir='ltr'><strong>versans</strong></span> <span class='ocrx_word' id='word_1_18' title='bbox 1098 396 1241 440; x_wconf 75' lang='lat' dir='ltr'><strong>scripsit</strong></span> <span class='ocrx_word' id='word_1_19' title='bbox 1264 396 1481 442; x_wconf 84' lang='lat' dir='ltr'><strong>Olymp.11.</strong></span> <span class='ocrx_word' id='word_1_20' title='bbox 1508 368 1572 432; x_wconf 82' lang='grc'>111.</span> 
     </span>
    </p>

    <p class='ocr_par' dir='ltr' id='par_1_4' title="bbox 377 454 1643 500">
     <span class='ocr_line' id='line_1_5' title="bbox 377 454 1643 500; baseline 0.002 -13"><span class='ocrx_word' id='word_1_21' title='bbox 377 454 583 498; x_wconf 82' lang='lat' dir='ltr'><strong>Asopichus</strong></span> <span class='ocrx_word' id='word_1_22' title='bbox 604 454 868 487; x_wconf 86' lang='lat' dir='ltr'><strong>Or‹homen1us</strong></span> <span class='ocrx_word' id='word_1_23' title='bbox 891 454 1006 487; x_wconf 83' lang='lat' dir='ltr'><strong>stadio</strong></span> <span class='ocrx_word' id='word_1_24' title='bbox 1033 454 1122 487; x_wconf 88' lang='lat' dir='ltr'><strong>inter</strong></span> <span class='ocrx_word' id='word_1_25' title='bbox 1145 465 1278 497; x_wconf 88' lang='lat' dir='ltr'><strong>pueros</strong></span> <span class='ocrx_word' id='word_1_26' title='bbox 1300 454 1415 488; x_wconf 84' lang='lat' dir='ltr'><strong>victor</strong></span> <span class='ocrx_word' id='word_1_27' title='bbox 1439 455 1643 500; x_wconf 80' lang='lat' dir='ltr'><strong>Olympiae.</strong></span> 
     </span>
    </p>

    <p class='ocr_par' dir='ltr' id='par_1_5' title="bbox 378 511 1244 555">
     <span class='ocr_line' id='line_1_6' title="bbox 378 511 1244 555; baseline -0.001 -11"><span class='ocrx_word' id='word_1_28' title='bbox 378 512 492 544; x_wconf 81' lang='lat' dir='ltr'><strong>Poeta</strong></span> <span class='ocrx_word' id='word_1_29' title='bbox 515 511 552 544; x_wconf 91' lang='lat' dir='ltr'><strong>in</strong></span> <span class='ocrx_word' id='word_1_30' title='bbox 576 511 732 544; x_wconf 81' lang='lat' dir='ltr'>Graecia</span> <span class='ocrx_word' id='word_1_31' title='bbox 757 511 958 554; x_wconf 75' lang='lat' dir='ltr'><strong>composuit</strong></span> <span class='ocrx_word' id='word_1_32' title='bbox 983 512 1127 555; x_wconf 89' lang='lat' dir='ltr'><strong>Olymp.</strong></span> <span class='ocrx_word' id='word_1_33' title='bbox 1151 511 1244 553; x_wconf 60' lang='lat' dir='ltr'><strong>XIV.</strong></span> 
     </span>
    </p>

    <p class='ocr_par' dir='ltr' id='par_1_6' title="bbox 376 567 1676 611">
     <span class='ocr_line' id='line_1_7' title="bbox 376 567 1676 611; baseline 0.002 -11"><span class='ocrx_word' id='word_1_34' title='bbox 376 567 532 601; x_wconf 82' lang='lat' dir='ltr'><strong>Moritur</strong></span> <span class='ocrx_word' id='word_1_35' title='bbox 553 567 748 600; x_wconf 81' lang='lat' dir='ltr'><strong>Anaxilaus</strong></span> <span class='ocrx_word' id='word_1_36' title='bbox 768 567 879 611; x_wconf 82' lang='lat' dir='ltr'><strong>Regii</strong></span> <span class='ocrx_word' id='word_1_37' title='bbox 903 570 938 600; x_wconf 91' lang='lat' dir='ltr'><strong>et</strong></span> <span class='ocrx_word' id='word_1_38' title='bbox 961 568 1117 600; x_wconf 82' lang='lat' dir='ltr'><strong>Zanclae</strong></span> <span class='ocrx_word' id='word_1_39' title='bbox 1142 567 1453 610; x_wconf 67' lang='lat' dir='ltr'><strong>tyrannus‚‘cuius</strong></span> <span class='ocrx_word' id='word_1_40' title='bbox 1475 567 1676 602; x_wconf 86' lang='lat' dir='ltr'><strong>liberorum</strong></span> 
     </span>
    </p>

    <p class='ocr_par' dir='ltr' id='par_1_7' title="bbox 405 623 1423 668">
     <span class='ocr_line' id='line_1_8' title="bbox 405 623 1423 668; baseline -0.001 -11"><span class='ocrx_word' id='word_1_41' title='bbox 405 643 408 645; x_wconf 91' lang='lat'><em>-</em></span> <span class='ocrx_word' id='word_1_42' title='bbox 445 625 598 657; x_wconf 87' lang='lat' dir='ltr'><strong>tutelam</strong></span> <span class='ocrx_word' id='word_1_43' title='bbox 623 624 833 668; x_wconf 76' lang='lat' dir='ltr'><strong>Smicytlius</strong></span> <span class='ocrx_word' id='word_1_44' title='bbox 857 623 1006 666; x_wconf 82' lang='lat' dir='ltr'><strong>suscipit</strong></span> <span class='ocrx_word' id='word_1_45' title='bbox 1030 624 1183 666; x_wconf 88' lang='lat' dir='ltr'><strong>(Introd.</strong></span> <span class='ocrx_word' id='word_1_46' title='bbox 1210 624 1317 668; x_wconf 87' lang='lat' dir='ltr'><strong>Pyth.</strong></span> <span class='ocrx_word' id='word_1_47' title='bbox 1344 623 1423 667; x_wconf 91' lang='grc'>11.).</span> 
     </span>
    </p>

    <p class='ocr_par' dir='ltr' id='par_1_8' title="bbox 377 679 1676 724">
     <span class='ocr_line' id='line_1_9' title="bbox 377 679 1676 724; baseline 0 -10"><span class='ocrx_word' id='word_1_48' title='bbox 377 679 488 714; x_wconf 83' lang='lat' dir='ltr'><strong>Hiero</strong></span> <span class='ocrx_word' id='word_1_49' title='bbox 524 681 789 714; x_wconf 86' lang='lat' dir='ltr'><strong>Catanaeorum</strong></span> <span class='ocrx_word' id='word_1_50' title='bbox 823 680 969 713; x_wconf 86' lang='lat' dir='ltr'><strong>civitate</strong></span> <span class='ocrx_word' id='word_1_51' title='bbox 1013 680 1158 713; x_wconf 84' lang='lat' dir='ltr'><strong>sublata</strong></span> <span class='ocrx_word' id='word_1_52' title='bbox 1190 680 1344 713; x_wconf 83' lang='lat' dir='ltr'><strong>Aetnam</strong></span> <span class='ocrx_word' id='word_1_53' title='bbox 1374 679 1493 713; x_wconf 88' lang='lat' dir='ltr'><strong>condit</strong></span> <span class='ocrx_word' id='word_1_54' title='bbox 1525 680 1676 724; x_wconf 83' lang='lat' dir='ltr'><strong>(Introd.</strong></span> 
     </span>
    </p>

    <p class='ocr_par' dir='ltr' id='par_1_9' title="bbox 322 737 1677 1006">
     <span class='ocr_line' id='line_1_10' title="bbox 449 737 1227 781; baseline -0.004 -10"><span class='ocrx_word' id='word_1_55' title='bbox 449 738 649 781; x_wconf 83' lang='lat' dir='ltr'><strong>Olymp.1.</strong></span> <span class='ocrx_word' id='word_1_56' title='bbox 677 737 866 781; x_wconf 76' lang='lat' dir='ltr'><strong>Pyth.1..)</strong></span> <span class='ocrx_word' id='word_1_57' title='bbox 1225 766 1227 768; x_wconf 92' lang='grc'>.</span> 
     </span>
     <span class='ocr_line' id='line_1_11' title="bbox 332 792 1677 856; baseline 0.001 -31"><span class='ocrx_word' id='word_1_58' title='bbox 332 821 335 824; x_wconf 47' lang='grc'>.</span> <span class='ocrx_word' id='word_1_59' title='bbox 376 793 463 827; x_wconf 85' lang='lat' dir='ltr'><strong>Post</strong></span> <span class='ocrx_word' id='word_1_60' title='bbox 488 794 641 827; x_wconf 81' lang='lat' dir='ltr'><strong>Aetnam</strong></span> <span class='ocrx_word' id='word_1_61' title='bbox 667 794 865 834; x_wconf 84' lang='lat' dir='ltr'><strong>conditam,</strong></span> <span class='ocrx_word' id='word_1_62' title='bbox 891 796 929 825; x_wconf 83' lang='lat' dir='ltr'><strong>ut</strong></span> <span class='ocrx_word' id='word_1_63' title='bbox 952 792 1115 834; x_wconf 84' lang='lat' dir='ltr'><strong>videtur,</strong></span> <span class='ocrx_word' id='word_1_64' title='bbox 1138 792 1313 835; x_wconf 87' lang='lat' dir='ltr'><strong>scriptum</strong></span> <span class='ocrx_word' id='word_1_65' title='bbox 1337 792 1501 856; x_wconf 87' lang='lat' dir='ltr'><strong>Scolium</strong></span> <span class='ocrx_word' id='word_1_66' title='bbox 1523 792 1677 827; x_wconf 87' lang='lat' dir='ltr'><strong>Hieroni</strong></span> 
     </span>
     <span class='ocr_line' id='line_1_12' title="bbox 348 848 1095 894; baseline -0.004 -11"><span class='ocrx_word' id='word_1_67' title='bbox 348 871 351 877; x_wconf 94' lang='lat'>-</span> <span class='ocrx_word' id='word_1_68' title='bbox 446 850 605 884; x_wconf 86' lang='lat' dir='ltr'><strong>dicatum</strong></span> <span class='ocrx_word' id='word_1_69' title='bbox 632 851 799 894; x_wconf 79' lang='lat' dir='ltr'><strong>(Fragm.</strong></span> <span class='ocrx_word' id='word_1_70' title='bbox 812 849 920 882; x_wconf 88' lang='lat' dir='ltr'><strong>Scol.</strong></span> <span class='ocrx_word' id='word_1_71' title='bbox 946 848 1095 890; x_wconf 82' lang='lat'><strong>5—7.).</strong></span> 
     </span>
     <span class='ocr_line' id='line_1_13' title="bbox 332 905 1573 970; baseline 0 -31"><span class='ocrx_word' id='word_1_72' title='bbox 332 905 365 939; x_wconf 83' lang='lat'><strong>3</strong></span> <span class='ocrx_word' id='word_1_73' title='bbox 384 906 498 939; x_wconf 86' lang='lat' dir='ltr'><strong>Hiero</strong></span> <span class='ocrx_word' id='word_1_74' title='bbox 524 908 693 939; x_wconf 88' lang='lat' dir='ltr'><strong>Etruscos</strong></span> <span class='ocrx_word' id='word_1_75' title='bbox 719 906 765 939; x_wconf 86' lang='lat' dir='ltr'><strong>ad</strong></span> <span class='ocrx_word' id='word_1_76' title='bbox 791 906 922 938; x_wconf 84' lang='lat' dir='ltr'><strong>Cumas</strong></span> <span class='ocrx_word' id='word_1_77' title='bbox 948 905 1105 970; x_wconf 82' lang='lat' dir='ltr'><strong>devincit</strong></span> <span class='ocrx_word' id='word_1_78' title='bbox 1129 905 1282 949; x_wconf 87' lang='lat' dir='ltr'><strong>(Introd.</strong></span> <span class='ocrx_word' id='word_1_79' title='bbox 1309 906 1355 938; x_wconf 85' lang='lat' dir='ltr'><strong>ad</strong></span> <span class='ocrx_word' id='word_1_80' title='bbox 1380 905 1485 949; x_wconf 86' lang='lat' dir='ltr'><strong>Pyth.</strong></span> <span class='ocrx_word' id='word_1_81' title='bbox 1512 906 1573 949; x_wconf 90' lang='lat' dir='ltr'><strong>l..)</strong></span> 
     </span>
     <span class='ocr_line' id='line_1_14' title="bbox 322 962 566 1006; baseline -0.004 -10"><span class='ocrx_word' id='word_1_82' title='bbox 322 984 323 988; x_wconf 66' lang='lat'><em>=</em></span> <span class='ocrx_word' id='word_1_83' title='bbox 377 963 485 1006; x_wconf 87' lang='lat' dir='ltr'><strong>Pyth.</strong></span> <span class='ocrx_word' id='word_1_84' title='bbox 511 962 566 995; x_wconf 79' lang='lat'><strong>29.</strong></span> 
     </span>
    </p>

    <p class='ocr_par' dir='ltr' id='par_1_10' title="bbox 377 1016 1533 1063">
     <span class='ocr_line' id='line_1_15' title="bbox 377 1016 1533 1063; baseline -0.001 -11"><span class='ocrx_word' id='word_1_85' title='bbox 377 1019 468 1052; x_wconf 83' lang='lat' dir='ltr'><strong>Ante</strong></span> <span class='ocrx_word' id='word_1_86' title='bbox 491 1019 709 1063; x_wconf 85' lang='lat' dir='ltr'><strong>Pythiadem</strong></span> <span class='ocrx_word' id='word_1_87' title='bbox 734 1017 882 1051; x_wconf 85' lang='lat' dir='ltr'><strong>Hieroni</strong></span> <span class='ocrx_word' id='word_1_88' title='bbox 908 1030 951 1051; x_wconf 85' lang='lat' dir='ltr'><strong>ex</strong></span> <span class='ocrx_word' id='word_1_89' title='bbox 977 1017 1133 1051; x_wconf 85' lang='lat' dir='ltr'><strong>Graecia</strong></span> <span class='ocrx_word' id='word_1_90' title='bbox 1157 1016 1308 1050; x_wconf 82' lang='lat' dir='ltr'><strong>missum</strong></span> <span class='ocrx_word' id='word_1_91' title='bbox 1333 1018 1533 1062; x_wconf 80' lang='lat' dir='ltr'><strong>Pyt11.111.</strong></span> 
     </span>
    </p>

    <p class='ocr_par' dir='ltr' id='par_1_11' title="bbox 376 1073 1678 1175">
     <span class='ocr_line' id='line_1_16' title="bbox 376 1073 1678 1120; baseline 0.002 -14"><span class='ocrx_word' id='word_1_92' title='bbox 376 1074 417 1107; x_wconf 83' lang='grc'><strong>111</strong></span> <span class='ocrx_word' id='word_1_93' title='bbox 447 1075 526 1118; x_wconf 89' lang='lat' dir='ltr'><strong>ipsa</strong></span> <span class='ocrx_word' id='word_1_94' title='bbox 560 1076 739 1120; x_wconf 84' lang='lat' dir='ltr'><strong>Pythiade</strong></span> <span class='ocrx_word' id='word_1_95' title='bbox 772 1075 885 1108; x_wconf 84' lang='lat' dir='ltr'><strong>Ilicro</strong></span> <span class='ocrx_word' id='word_1_96' title='bbox 919 1075 1098 1108; x_wconf 82' lang='lat' dir='ltr'><strong>Aetnaeus</strong></span> <span class='ocrx_word' id='word_1_97' title='bbox 1131 1085 1239 1106; x_wconf 80' lang='lat' dir='ltr'><strong>curiu</strong></span> <span class='ocrx_word' id='word_1_98' title='bbox 1274 1073 1389 1107; x_wconf 68' lang='lat' dir='ltr'><strong>victor</strong></span> <span class='ocrx_word' id='word_1_99' title='bbox 1428 1073 1678 1117; x_wconf 80' lang='lat' dir='ltr'><strong>renunciatus3</strong></span> 
     </span>
     <span class='ocr_line' id='line_1_17' title="bbox 446 1131 995 1175; baseline -0.002 -11"><span class='ocrx_word' id='word_1_100' title='bbox 446 1131 504 1164; x_wconf 91' lang='lat' dir='ltr'><strong>cui</strong></span> <span class='ocrx_word' id='word_1_101' title='bbox 528 1135 603 1164; x_wconf 92' lang='lat' dir='ltr'><strong>tum</strong></span> <span class='ocrx_word' id='word_1_102' title='bbox 627 1132 801 1175; x_wconf 87' lang='lat' dir='ltr'><strong>scriptum</strong></span> <span class='ocrx_word' id='word_1_103' title='bbox 825 1133 931 1175; x_wconf 80' lang='lat' dir='ltr'><strong>Pytli.</strong></span> <span class='ocrx_word' id='word_1_104' title='bbox 960 1132 995 1165; x_wconf 86' lang='lat'><strong>1..</strong></span> 
     </span>
    </p>

    <p class='ocr_par' dir='ltr' id='par_1_12' title="bbox 375 1186 1677 1345">
     <span class='ocr_line' id='line_1_18' title="bbox 375 1186 1677 1232; baseline 0.001 -11"><span class='ocrx_word' id='word_1_105' title='bbox 375 1186 453 1221; x_wconf 85' lang='lat' dir='ltr'><strong>Non</strong></span> <span class='ocrx_word' id='word_1_106' title='bbox 495 1192 577 1221; x_wconf 87' lang='lat' dir='ltr'><strong>ante</strong></span> <span class='ocrx_word' id='word_1_107' title='bbox 609 1189 704 1221; x_wconf 87' lang='lat' dir='ltr'><strong>hanc</strong></span> <span class='ocrx_word' id='word_1_108' title='bbox 736 1188 954 1232; x_wconf 72' lang='lat' dir='ltr'><strong>Pythiadem</strong></span> <span class='ocrx_word' id='word_1_109' title='bbox 991 1187 1180 1231; x_wconf 50' lang='lat' dir='ltr'><strong>scriptum*</strong></span> <span class='ocrx_word' id='word_1_110' title='bbox 1201 1187 1464 1231; x_wconf 80' lang='lat' dir='ltr'><strong>Hyporchema</strong></span> <span class='ocrx_word' id='word_1_111' title='bbox 1505 1188 1677 1232; x_wconf 79' lang='lat' dir='ltr'><strong>Pythiam</strong></span> 
     </span>
     <span class='ocr_line' id='line_1_19' title="bbox 447 1243 1677 1290; baseline 0.002 -13"><span class='ocrx_word' id='word_1_112' title='bbox 447 1243 608 1278; x_wconf 85' lang='lat' dir='ltr'><strong>eiusdem</strong></span> <span class='ocrx_word' id='word_1_113' title='bbox 649 1244 842 1278; x_wconf 78' lang='lat' dir='ltr'><strong>victoriam</strong></span> <span class='ocrx_word' id='word_1_114' title='bbox 883 1244 1050 1277; x_wconf 83' lang='lat' dir='ltr'><strong>mulabus</strong></span> <span class='ocrx_word' id='word_1_115' title='bbox 1100 1247 1243 1286; x_wconf 85' lang='lat' dir='ltr'><strong>partam</strong></span> <span class='ocrx_word' id='word_1_116' title='bbox 1283 1244 1470 1277; x_wconf 79' lang='lat' dir='ltr'><strong>celebrans</strong></span> <span class='ocrx_word' id='word_1_117' title='bbox 1508 1246 1677 1290; x_wconf 86' lang='lat' dir='ltr'><strong>(Fragm.</strong></span> 
     </span>
     <span class='ocr_line' id='line_1_20' title="bbox 446 1301 1484 1345; baseline 0 -12"><span class='ocrx_word' id='word_1_118' title='bbox 446 1302 634 1345; x_wconf 83' lang='lat' dir='ltr'><strong>Hyporch.</strong></span> <span class='ocrx_word' id='word_1_119' title='bbox 661 1301 810 1344; x_wconf 81' lang='lat'><strong>1—3.).</strong></span> <span class='ocrx_word' id='word_1_120' title='bbox 1200 1330 1203 1333; x_wconf 86' lang='lat'><strong>.</strong></span> <span class='ocrx_word' id='word_1_121' title='bbox 1482 1306 1484 1308; x_wconf 79' lang='grc'>’</span> 
     </span>
    </p>

    <p class='ocr_par' dir='ltr' id='par_1_13' title="bbox 377 1356 1677 1457">
     <span class='ocr_line' id='line_1_21' title="bbox 377 1356 1677 1403; baseline 0.002 -13"><span class='ocrx_word' id='word_1_122' title='bbox 377 1358 569 1402; x_wconf 81' lang='lat' dir='ltr'><strong>Ergoteles</strong></span> <span class='ocrx_word' id='word_1_123' title='bbox 599 1357 818 1391; x_wconf 87' lang='lat' dir='ltr'><strong>Himeraeus</strong></span> <span class='ocrx_word' id='word_1_124' title='bbox 843 1357 976 1402; x_wconf 86' lang='lat' dir='ltr'><strong>Pythia</strong></span> <span class='ocrx_word' id='word_1_125' title='bbox 998 1367 1104 1389; x_wconf 81' lang='lat' dir='ltr'><strong>cursu</strong></span> <span class='ocrx_word' id='word_1_126' title='bbox 1136 1356 1259 1390; x_wconf 82' lang='lat' dir='ltr'><strong>vincit</strong></span> <span class='ocrx_word' id='word_1_127' title='bbox 1281 1357 1432 1400; x_wconf 84' lang='lat' dir='ltr'><strong>(introd.</strong></span> <span class='ocrx_word' id='word_1_128' title='bbox 1459 1358 1504 1390; x_wconf 86' lang='lat' dir='ltr'><strong>ad</strong></span> <span class='ocrx_word' id='word_1_129' title='bbox 1530 1357 1677 1403; x_wconf 86' lang='lat' dir='ltr'><strong>Olymp.</strong></span> 
     </span>
     <span class='ocr_line' id='line_1_22' title="bbox 450 1414 560 1457; baseline -0.009 -10"><span class='ocrx_word' id='word_1_130' title='bbox 450 1414 560 1457; x_wconf 65' lang='lat' dir='ltr'><strong>xlm.</strong></span> 
     </span>
    </p>

    <p class='ocr_par' dir='ltr' id='par_1_14' title="bbox 332 1469 1680 1569">
     <span class='ocr_line' id='line_1_23' title="bbox 332 1469 1680 1515; baseline 0.002 -12"><span class='ocrx_word' id='word_1_131' title='bbox 332 1470 366 1505; x_wconf 93' lang='lat'><strong>4.</strong></span> <span class='ocrx_word' id='word_1_132' title='bbox 384 1472 464 1505; x_wconf 86' lang='lat' dir='ltr'><strong>Hoc</strong></span> <span class='ocrx_word' id='word_1_133' title='bbox 497 1481 589 1504; x_wconf 89' lang='lat' dir='ltr'><strong>anno</strong></span> <span class='ocrx_word' id='word_1_134' title='bbox 616 1470 788 1504; x_wconf 89' lang='lat' dir='ltr'><strong>Chromio</strong></span> <span class='ocrx_word' id='word_1_135' title='bbox 823 1470 966 1503; x_wconf 85' lang='lat' dir='ltr'><strong>videtur</strong></span> <span class='ocrx_word' id='word_1_136' title='bbox 997 1470 1182 1504; x_wconf 79' lang='lat' dir='ltr'><strong>Nemeaea</strong></span> <span class='ocrx_word' id='word_1_137' title='bbox 1215 1469 1367 1503; x_wconf 83' lang='lat' dir='ltr'><strong>victoria</strong></span> <span class='ocrx_word' id='word_1_138' title='bbox 1400 1470 1607 1515; x_wconf 83' lang='lat' dir='ltr'><strong>contigisse,</strong></span> <span class='ocrx_word' id='word_1_139' title='bbox 1644 1476 1680 1506; x_wconf 85' lang='lat' dir='ltr'><strong>et</strong></span> 
     </span>
     <span class='ocr_line' id='line_1_24' title="bbox 447 1526 1241 1569; baseline -0.001 -9"><span class='ocrx_word' id='word_1_140' title='bbox 447 1527 549 1561; x_wconf 91' lang='lat' dir='ltr'><strong>Nem.</strong></span> <span class='ocrx_word' id='word_1_141' title='bbox 576 1528 602 1561; x_wconf 91' lang='lat'><strong>1.</strong></span> <span class='ocrx_word' id='word_1_142' title='bbox 629 1527 664 1560; x_wconf 88' lang='lat' dir='ltr'><strong>in</strong></span> <span class='ocrx_word' id='word_1_143' title='bbox 690 1527 816 1560; x_wconf 87' lang='lat' dir='ltr'><strong>Si‹ilia</strong></span> <span class='ocrx_word' id='word_1_144' title='bbox 843 1527 1019 1560; x_wconf 82' lang='lat' dir='ltr'><strong>Pindarus</strong></span> <span class='ocrx_word' id='word_1_145' title='bbox 1044 1526 1241 1569; x_wconf 80' lang='lat' dir='ltr'><strong>scripsisse.</strong></span> 
     </span>
    </p>

    <p class='ocr_par' dir='ltr' id='par_1_15' title="bbox 378 1583 1679 1683">
     <span class='ocr_line' id='line_1_25' title="bbox 378 1583 1679 1628; baseline 0.001 -11"><span class='ocrx_word' id='word_1_146' title='bbox 378 1585 505 1618; x_wconf 83' lang='lat' dir='ltr'><strong>Thero</strong></span> <span class='ocrx_word' id='word_1_147' title='bbox 530 1584 652 1616; x_wconf 87' lang='lat' dir='ltr'><strong>adulto</strong></span> <span class='ocrx_word' id='word_1_148' title='bbox 677 1594 770 1616; x_wconf 86' lang='lat' dir='ltr'><strong>anno</strong></span> <span class='ocrx_word' id='word_1_149' title='bbox 796 1583 871 1616; x_wconf 89' lang='lat' dir='ltr'><strong>obit</strong></span> <span class='ocrx_word' id='word_1_150' title='bbox 895 1584 1047 1626; x_wconf 82' lang='lat' dir='ltr'><strong>(Introd.</strong></span> <span class='ocrx_word' id='word_1_151' title='bbox 1069 1583 1214 1627; x_wconf 90' lang='lat' dir='ltr'><strong>Olymp.</strong></span> <span class='ocrx_word' id='word_1_152' title='bbox 1237 1583 1412 1624; x_wconf 83' lang='lat' dir='ltr'><strong>11.X11.).</strong></span> <span class='ocrx_word' id='word_1_153' title='bbox 1458 1583 1573 1628; x_wconf 80' lang='lat' dir='ltr'><strong>Igitur</strong></span> <span class='ocrx_word' id='word_1_154' title='bbox 1598 1587 1679 1619; x_wconf 85' lang='lat' dir='ltr'><strong>ante</strong></span> 
     </span>
     <span class='ocr_line' id='line_1_26' title="bbox 444 1638 1412 1683; baseline -0.002 -10"><span class='ocrx_word' id='word_1_155' title='bbox 444 1642 516 1674; x_wconf 92' lang='lat' dir='ltr'><strong>hoc</strong></span> <span class='ocrx_word' id='word_1_156' title='bbox 541 1645 681 1683; x_wconf 77' lang='lat' dir='ltr'><strong>tempus</strong></span> <span class='ocrx_word' id='word_1_157' title='bbox 706 1640 878 1683; x_wconf 81' lang='lat' dir='ltr'><strong>scriptum</strong></span> <span class='ocrx_word' id='word_1_158' title='bbox 905 1639 1118 1672; x_wconf 86' lang='lat' dir='ltr'><strong>Encomium</strong></span> <span class='ocrx_word' id='word_1_159' title='bbox 1143 1641 1291 1683; x_wconf 82' lang='lat' dir='ltr'><strong>Fragm</strong></span> <span class='ocrx_word' id='word_1_160' title='bbox 1320 1639 1353 1671; x_wconf 91' lang='lat'><strong>1.</strong></span> <span class='ocrx_word' id='word_1_161' title='bbox 1379 1638 1412 1671; x_wconf 82' lang='lat'><strong>2.</strong></span> 
     </span>
    </p>

    <p class='ocr_par' dir='ltr' id='par_1_16' title="bbox 375 1696 1680 1797">
     <span class='ocr_line' id='line_1_27' title="bbox 375 1696 1680 1740; baseline 0.001 -9"><span class='ocrx_word' id='word_1_162' title='bbox 375 1697 557 1732; x_wconf 82' lang='lat' dir='ltr'><strong>Theronis</strong></span> <span class='ocrx_word' id='word_1_163' title='bbox 586 1696 686 1729; x_wconf 84' lang='lat' dir='ltr'><strong>filius</strong></span> <span class='ocrx_word' id='word_1_164' title='bbox 710 1697 970 1740; x_wconf 84' lang='lat' dir='ltr'><strong>Thrasydaeus</strong></span> <span class='ocrx_word' id='word_1_165' title='bbox 995 1696 1163 1740; x_wconf 75' lang='lat' dir='ltr'><strong>pellitur,</strong></span> <span class='ocrx_word' id='word_1_166' title='bbox 1199 1696 1435 1740; x_wconf 78' lang='lat' dir='ltr'><strong>Agrigentum</strong></span> <span class='ocrx_word' id='word_1_167' title='bbox 1468 1699 1504 1729; x_wconf 84' lang='lat' dir='ltr'><strong>et</strong></span> <span class='ocrx_word' id='word_1_168' title='bbox 1528 1697 1680 1732; x_wconf 85' lang='lat' dir='ltr'><strong>Himera</strong></span> 
     </span>
     <span class='ocr_line' id='line_1_28' title="bbox 444 1753 1677 1797; baseline 0.002 -11"><span class='ocrx_word' id='word_1_169' title='bbox 444 1754 658 1787; x_wconf 84' lang='lat' dir='ltr'><strong>liberantur:</strong></span> <span class='ocrx_word' id='word_1_170' title='bbox 684 1753 806 1786; x_wconf 87' lang='lat' dir='ltr'><strong>omnia</strong></span> <span class='ocrx_word' id='word_1_171' title='bbox 831 1756 1004 1797; x_wconf 81' lang='lat' dir='ltr'><strong>vergente</strong></span> <span class='ocrx_word' id='word_1_172' title='bbox 1029 1763 1121 1785; x_wconf 89' lang='lat' dir='ltr'><strong>anno</strong></span> <span class='ocrx_word' id='word_1_173' title='bbox 1152 1753 1300 1795; x_wconf 88' lang='lat' dir='ltr'><strong>(Introd.</strong></span> <span class='ocrx_word' id='word_1_174' title='bbox 1328 1753 1373 1785; x_wconf 91' lang='lat' dir='ltr'><strong>ad</strong></span> <span class='ocrx_word' id='word_1_175' title='bbox 1393 1754 1538 1796; x_wconf 82' lang='lat' dir='ltr'><strong>Olymp.</strong></span> <span class='ocrx_word' id='word_1_176' title='bbox 1566 1755 1677 1797; x_wconf 62' lang='lat' dir='ltr'><strong>xm).</strong></span> 
     </span>
    </p>

    <p class='ocr_par' dir='ltr' id='par_1_17' title="bbox 313 1808 1679 1854">
     <span class='ocr_line' id='line_1_29' title="bbox 313 1808 1679 1854; baseline 0.001 -10"><span class='ocrx_word' id='word_1_177' title='bbox 313 1812 449 1854; x_wconf 82' lang='lat' dir='ltr'><strong>Olym</strong></span> <span class='ocrx_word' id='word_1_178' title='bbox 461 1823 495 1853; x_wconf 85' lang='lat' dir='ltr'><strong>p.</strong></span> <span class='ocrx_word' id='word_1_179' title='bbox 520 1810 577 1851; x_wconf 78' lang='lat'><strong>77,</strong></span> <span class='ocrx_word' id='word_1_180' title='bbox 603 1810 634 1841; x_wconf 91' lang='grc'>1.</span> <span class='ocrx_word' id='word_1_181' title='bbox 691 1810 804 1843; x_wconf 83' lang='lat' dir='ltr'><strong>Hiero</strong></span> <span class='ocrx_word' id='word_1_182' title='bbox 831 1810 959 1842; x_wconf 82' lang='lat' dir='ltr'><strong>iterum</strong></span> <span class='ocrx_word' id='word_1_183' title='bbox 993 1811 1107 1842; x_wconf 82' lang='lat' dir='ltr'><strong>celete</strong></span> <span class='ocrx_word' id='word_1_184' title='bbox 1133 1808 1332 1841; x_wconf 74' lang='lat' dir='ltr'><strong>Pheronico</strong></span> <span class='ocrx_word' id='word_1_185' title='bbox 1361 1809 1533 1853; x_wconf 72' lang='lat' dir='ltr'><strong>Olympia</strong></span> <span class='ocrx_word' id='word_1_186' title='bbox 1557 1811 1679 1846; x_wconf 82' lang='lat' dir='ltr'><strong>vincit.</strong></span> 
     </span>
    </p>

    <p class='ocr_par' dir='ltr' id='par_1_18' title="bbox 377 1865 1519 1910">
     <span class='ocr_line' id='line_1_30' title="bbox 377 1865 1519 1910; baseline -0.001 -10"><span class='ocrx_word' id='word_1_187' title='bbox 377 1867 557 1900; x_wconf 81' lang='lat' dir='ltr'><strong>Pindarus</strong></span> <span class='ocrx_word' id='word_1_188' title='bbox 582 1866 725 1909; x_wconf 87' lang='lat' dir='ltr'><strong>scripsit</strong></span> <span class='ocrx_word' id='word_1_189' title='bbox 750 1866 896 1910; x_wconf 86' lang='lat' dir='ltr'><strong>Olymp.</strong></span> <span class='ocrx_word' id='word_1_190' title='bbox 923 1866 950 1898; x_wconf 95' lang='lat' dir='ltr'><strong>I.</strong></span> <span class='ocrx_word' id='word_1_191' title='bbox 979 1866 1014 1898; x_wconf 91' lang='lat' dir='ltr'><strong>in</strong></span> <span class='ocrx_word' id='word_1_192' title='bbox 1040 1865 1167 1898; x_wconf 84' lang='lat' dir='ltr'><strong>Sicilia</strong></span> <span class='ocrx_word' id='word_1_193' title='bbox 1192 1866 1285 1908; x_wconf 87' lang='lat' dir='ltr'><strong>apud</strong></span> <span class='ocrx_word' id='word_1_194' title='bbox 1310 1865 1519 1899; x_wconf 87' lang='lat' dir='ltr'><strong>Hieronem.</strong></span> 
     </span>
    </p>

    <p class='ocr_par' dir='ltr' id='par_1_19' title="bbox 377 1921 1331 1967">
     <span class='ocr_line' id='line_1_31' title="bbox 377 1921 1331 1967; baseline -0.001 -11"><span class='ocrx_word' id='word_1_195' title='bbox 377 1924 569 1967; x_wconf 83' lang='lat' dir='ltr'><strong>Ergotelcs</strong></span> <span class='ocrx_word' id='word_1_196' title='bbox 593 1922 808 1955; x_wconf 82' lang='lat' dir='ltr'><strong>Himeraeus</strong></span> <span class='ocrx_word' id='word_1_197' title='bbox 833 1923 978 1954; x_wconf 84' lang='lat' dir='ltr'><strong>dolicha</strong></span> <span class='ocrx_word' id='word_1_198' title='bbox 1004 1921 1182 1966; x_wconf 81' lang='lat' dir='ltr'><strong>Olympiis</strong></span> <span class='ocrx_word' id='word_1_199' title='bbox 1204 1921 1331 1955; x_wconf 84' lang='lat' dir='ltr'><strong>victor.</strong></span> 
     </span>
    </p>

    <p class='ocr_par' dir='ltr' id='par_1_20' title="bbox 376 1978 1285 2023">
     <span class='ocr_line' id='line_1_32' title="bbox 376 1978 1285 2023; baseline -0.002 -11"><span class='ocrx_word' id='word_1_200' title='bbox 376 1980 726 2023; x_wconf 85' lang='lat' dir='ltr'><strong>Pindarus&#39;Olymp.</strong></span> <span class='ocrx_word' id='word_1_201' title='bbox 753 1979 830 2010; x_wconf 69' lang='grc' dir='ltr'><strong>ΧΠ.</strong></span> <span class='ocrx_word' id='word_1_202' title='bbox 856 1978 889 2010; x_wconf 92' lang='lat' dir='ltr'><strong>in</strong></span> <span class='ocrx_word' id='word_1_203' title='bbox 919 1978 1045 2011; x_wconf 84' lang='lat' dir='ltr'><strong>Sicilia</strong></span> <span class='ocrx_word' id='word_1_204' title='bbox 1072 1978 1285 2021; x_wconf 88' lang='lat' dir='ltr'><strong>composuit.</strong></span> 
     </span>
    </p>

    <p class='ocr_par' dir='ltr' id='par_1_21' title="bbox 378 2033 1681 2135">
     <span class='ocr_line' id='line_1_33' title="bbox 378 2033 1681 2078; baseline 0 -9"><span class='ocrx_word' id='word_1_205' title='bbox 378 2036 518 2069; x_wconf 87' lang='lat' dir='ltr'><strong>Ibidem</strong></span> <span class='ocrx_word' id='word_1_206' title='bbox 544 2036 615 2068; x_wconf 88' lang='lat' dir='ltr'><strong>hoc</strong></span> <span class='ocrx_word' id='word_1_207' title='bbox 642 2046 734 2068; x_wconf 88' lang='lat' dir='ltr'><strong>anno</strong></span> <span class='ocrx_word' id='word_1_208' title='bbox 761 2035 934 2067; x_wconf 79' lang='lat' dir='ltr'><strong>Pindarus</strong></span> <span class='ocrx_word' id='word_1_209' title='bbox 960 2034 1102 2078; x_wconf 85' lang='lat' dir='ltr'><strong>scripsit</strong></span> <span class='ocrx_word' id='word_1_210' title='bbox 1127 2046 1273 2067; x_wconf 87' lang='lat' dir='ltr'><strong>carmen</strong></span> <span class='ocrx_word' id='word_1_211' title='bbox 1292 2033 1395 2067; x_wconf 75' lang='lat' dir='ltr'><strong>Nem.</strong></span> <span class='ocrx_word' id='word_1_212' title='bbox 1414 2033 1476 2068; x_wconf 74' lang='lat' dir='ltr'><strong>lx.</strong></span> <span class='ocrx_word' id='word_1_213' title='bbox 1505 2035 1539 2068; x_wconf 91' lang='lat' dir='ltr'><strong>in</strong></span> <span class='ocrx_word' id='word_1_214' title='bbox 1564 2035 1681 2069; x_wconf 89' lang='lat' dir='ltr'><strong>Chro-</strong></span> 
     </span>
     <span class='ocr_line' id='line_1_34' title="bbox 446 2091 1197 2135; baseline -0.005 -10"><span class='ocrx_word' id='word_1_215' title='bbox 446 2092 511 2125; x_wconf 91' lang='lat' dir='ltr'><strong>mii</strong></span> <span class='ocrx_word' id='word_1_216' title='bbox 534 2091 725 2126; x_wconf 78' lang='lat' dir='ltr'><strong>victoriam</strong></span> <span class='ocrx_word' id='word_1_217' title='bbox 750 2092 906 2135; x_wconf 75' lang='lat' dir='ltr'><strong>Sicyone</strong></span> <span class='ocrx_word' id='word_1_218' title='bbox 932 2091 1018 2124; x_wconf 89' lang='lat' dir='ltr'><strong>olim</strong></span> <span class='ocrx_word' id='word_1_219' title='bbox 1044 2095 1197 2134; x_wconf 85' lang='lat' dir='ltr'><strong>partam.</strong></span> 
     </span>
    </p>

    <p class='ocr_par' dir='ltr' id='par_1_22' title="bbox 375 2147 1681 2238">
     <span class='ocr_line' id='line_1_35' title="bbox 375 2147 1681 2192; baseline -0.001 -10"><span class='ocrx_word' id='word_1_220' title='bbox 375 2149 453 2183; x_wconf 90' lang='lat' dir='ltr'><strong>Non</strong></span> <span class='ocrx_word' id='word_1_221' title='bbox 491 2152 572 2181; x_wconf 87' lang='lat' dir='ltr'><strong>ante</strong></span> <span class='ocrx_word' id='word_1_222' title='bbox 605 2149 699 2181; x_wconf 85' lang='lat' dir='ltr'><strong>hunc</strong></span> <span class='ocrx_word' id='word_1_223' title='bbox 735 2159 865 2182; x_wconf 85' lang='lat' dir='ltr'><strong>annum</strong></span> <span class='ocrx_word' id='word_1_224' title='bbox 897 2148 1070 2191; x_wconf 86' lang='lat' dir='ltr'><strong>scriptum</strong></span> <span class='ocrx_word' id='word_1_225' title='bbox 1093 2148 1219 2181; x_wconf 85' lang='lat' dir='ltr'><strong>lsthm.</strong></span> <span class='ocrx_word' id='word_1_226' title='bbox 1244 2147 1291 2180; x_wconf 90' lang='lat'><strong>11.</strong></span> <span class='ocrx_word' id='word_1_227' title='bbox 1326 2147 1372 2180; x_wconf 86' lang='lat' dir='ltr'><strong>ad</strong></span> <span class='ocrx_word' id='word_1_228' title='bbox 1405 2147 1681 2192; x_wconf 82' lang='lat' dir='ltr'><strong>Thrasybulum</strong></span> 
     </span>
     <span class='ocr_line' id='line_1_36' title="bbox 448 2205 709 2238; baseline -0.004 0"><span class='ocrx_word' id='word_1_229' title='bbox 448 2205 660 2238; x_wconf 76' lang='lat' dir='ltr'><strong>Xenocratis</strong></span> <span class='ocrx_word' id='word_1_230' title='bbox 684 2205 709 2238; x_wconf 84' lang='lat' dir='ltr'><strong>f.</strong></span> 
     </span>
    </p>

    <p class='ocr_par' dir='ltr' id='par_1_23' title="bbox 329 2260 578 2305">
     <span class='ocr_line' id='line_1_37' title="bbox 329 2260 578 2305; baseline -0.008 -10"><span class='ocrx_word' id='word_1_231' title='bbox 329 2261 363 2295; x_wconf 84' lang='lat'><strong>3.</strong></span> <span class='ocrx_word' id='word_1_232' title='bbox 389 2262 496 2305; x_wconf 87' lang='lat' dir='ltr'><strong>Pyth.</strong></span> <span class='ocrx_word' id='word_1_233' title='bbox 522 2260 578 2293; x_wconf 86' lang='lat'><strong>30.</strong></span> 
     </span>
    </p>

    <p class='ocr_par' dir='ltr' id='par_1_24' title="bbox 376 2316 1679 2362">
     <span class='ocr_line' id='line_1_38' title="bbox 376 2316 1679 2362; baseline -0.001 -11"><span class='ocrx_word' id='word_1_234' title='bbox 376 2317 620 2351; x_wconf 81' lang='lat' dir='ltr'><strong>Telesicrates</strong></span> <span class='ocrx_word' id='word_1_235' title='bbox 645 2318 852 2362; x_wconf 85' lang='lat' dir='ltr'><strong>Cyrenaeus</strong></span> <span class='ocrx_word' id='word_1_236' title='bbox 877 2316 992 2351; x_wconf 85' lang='lat' dir='ltr'><strong>stadio</strong></span> <span class='ocrx_word' id='word_1_237' title='bbox 1017 2316 1158 2362; x_wconf 86' lang='lat' dir='ltr'><strong>Pythiis</strong></span> <span class='ocrx_word' id='word_1_238' title='bbox 1181 2316 1299 2350; x_wconf 84' lang='lat' dir='ltr'><strong>victor</strong></span> <span class='ocrx_word' id='word_1_239' title='bbox 1329 2316 1479 2360; x_wconf 77' lang='lat' dir='ltr'><strong>(Introd.</strong></span> <span class='ocrx_word' id='word_1_240' title='bbox 1503 2317 1549 2350; x_wconf 82' lang='lat' dir='ltr'><strong>ud</strong></span> <span class='ocrx_word' id='word_1_241' title='bbox 1570 2316 1679 2361; x_wconf 88' lang='lat' dir='ltr'><strong>Pyth.</strong></span> 
     </span>
    </p>

    <p class='ocr_par' dir='ltr' id='par_1_25' title="bbox 309 2374 1679 2532">
     <span class='ocr_line' id='line_1_39' title="bbox 448 2374 542 2416; baseline 0 -10"><span class='ocrx_word' id='word_1_242' title='bbox 448 2374 542 2416; x_wconf 86' lang='lat' dir='ltr'><strong>lx.).</strong></span> 
     </span>
     <span class='ocr_line' id='line_1_40' title="bbox 330 2427 1265 2473; baseline -0.003 -11"><span class='ocrx_word' id='word_1_243' title='bbox 330 2428 364 2463; x_wconf 88' lang='lat'><strong>4.</strong></span> <span class='ocrx_word' id='word_1_244' title='bbox 384 2431 444 2464; x_wconf 83' lang='lat' dir='ltr'><strong>vel</strong></span> <span class='ocrx_word' id='word_1_245' title='bbox 469 2441 543 2473; x_wconf 87' lang='lat' dir='ltr'><strong>seq.</strong></span> <span class='ocrx_word' id='word_1_246' title='bbox 572 2441 665 2462; x_wconf 86' lang='lat' dir='ltr'><strong>anno</strong></span> <span class='ocrx_word' id='word_1_247' title='bbox 689 2429 893 2464; x_wconf 77' lang='lat' dir='ltr'><strong>Simonides</strong></span> <span class='ocrx_word' id='word_1_248' title='bbox 918 2428 1007 2461; x_wconf 87' lang='lat' dir='ltr'><strong>obiit</strong></span> <span class='ocrx_word' id='word_1_249' title='bbox 1032 2429 1085 2471; x_wconf 89' lang='lat' dir='ltr'><strong>(v.</strong></span> <span class='ocrx_word' id='word_1_250' title='bbox 1112 2427 1265 2469; x_wconf 84' lang='lat' dir='ltr'><strong>Duker).</strong></span> 
     </span>
     <span class='ocr_line' id='line_1_41' title="bbox 309 2483 1679 2532; baseline -0.003 -11"><span class='ocrx_word' id='word_1_251' title='bbox 309 2487 489 2532; x_wconf 89' lang='lat' dir='ltr'><strong>Olymp.</strong></span> <span class='ocrx_word' id='word_1_252' title='bbox 507 2486 563 2527; x_wconf 79' lang='lat'><strong>78,</strong></span> <span class='ocrx_word' id='word_1_253' title='bbox 586 2487 618 2518; x_wconf 86' lang='lat'><strong>1.</strong></span> <span class='ocrx_word' id='word_1_254' title='bbox 642 2487 755 2520; x_wconf 86' lang='lat' dir='ltr'><strong>Iliero</strong></span> <span class='ocrx_word' id='word_1_255' title='bbox 772 2497 879 2519; x_wconf 85' lang='lat' dir='ltr'><strong>curru</strong></span> <span class='ocrx_word' id='word_1_256' title='bbox 895 2483 1075 2528; x_wconf 87' lang='lat' dir='ltr'><strong>Olympiis</strong></span> <span class='ocrx_word' id='word_1_257' title='bbox 1092 2483 1207 2517; x_wconf 82' lang='lat' dir='ltr'><strong>victor</strong></span> <span class='ocrx_word' id='word_1_258' title='bbox 1227 2483 1375 2524; x_wconf 88' lang='lat' dir='ltr'><strong>(Introd.</strong></span> <span class='ocrx_word' id='word_1_259' title='bbox 1398 2484 1444 2518; x_wconf 83' lang='lat' dir='ltr'><strong>ad</strong></span> <span class='ocrx_word' id='word_1_260' title='bbox 1458 2484 1604 2528; x_wconf 83' lang='lat' dir='ltr'><strong>Olymp.</strong></span> <span class='ocrx_word' id='word_1_261' title='bbox 1618 2484 1679 2528; x_wconf 85' lang='grc'>1.).</span> 
     </span>
    </p>

    <p class='ocr_par' dir='ltr' id='par_1_26' title="bbox 375 2539 1307 2587">
     <span class='ocr_line' id='line_1_42' title="bbox 375 2539 1307 2587; baseline -0.003 -11"><span class='ocrx_word' id='word_1_262' title='bbox 375 2542 529 2587; x_wconf 82' lang='lat' dir='ltr'><strong>Agesias</strong></span> <span class='ocrx_word' id='word_1_263' title='bbox 553 2542 768 2586; x_wconf 80' lang='lat' dir='ltr'><strong>Syracusius</strong></span> <span class='ocrx_word' id='word_1_264' title='bbox 796 2542 968 2586; x_wconf 87' lang='lat' dir='ltr'><strong>Olympia</strong></span> <span class='ocrx_word' id='word_1_265' title='bbox 993 2540 1161 2573; x_wconf 84' lang='lat' dir='ltr'><strong>mulabus</strong></span> <span class='ocrx_word' id='word_1_266' title='bbox 1184 2539 1307 2573; x_wconf 86' lang='lat' dir='ltr'><strong>vincit.</strong></span> 
     </span>
    </p>

    <p class='ocr_par' dir='ltr' id='par_1_27' title="bbox 374 2595 1414 2641">
     <span class='ocr_line' id='line_1_43' title="bbox 374 2595 1414 2641; baseline -0.004 -8"><span class='ocrx_word' id='word_1_267' title='bbox 374 2599 550 2633; x_wconf 81' lang='lat' dir='ltr'><strong>Pindarus</strong></span> <span class='ocrx_word' id='word_1_268' title='bbox 575 2599 735 2639; x_wconf 82' lang='lat' dir='ltr'><strong>Thebis,</strong></span> <span class='ocrx_word' id='word_1_269' title='bbox 762 2601 801 2632; x_wconf 86' lang='lat' dir='ltr'><strong>ut</strong></span> <span class='ocrx_word' id='word_1_270' title='bbox 825 2598 967 2631; x_wconf 82' lang='lat' dir='ltr'><strong>videtur</strong></span> <span class='ocrx_word' id='word_1_271' title='bbox 983 2623 992 2639; x_wconf 90' lang='lat'>‚</span> <span class='ocrx_word' id='word_1_272' title='bbox 1017 2595 1159 2640; x_wconf 88' lang='lat' dir='ltr'><strong>scripsit</strong></span> <span class='ocrx_word' id='word_1_273' title='bbox 1185 2595 1331 2641; x_wconf 89' lang='lat' dir='ltr'><strong>Olymp.</strong></span> <span class='ocrx_word' id='word_1_274' title='bbox 1356 2596 1414 2630; x_wconf 83' lang='lat' dir='ltr'><strong>vl.</strong></span> 
     </span>
    </p>

    <p class='ocr_par' dir='ltr' id='par_1_28' title="bbox 330 2651 1681 2757">
     <span class='ocr_line' id='line_1_44' title="bbox 330 2651 1681 2700; baseline -0.002 -11"><span class='ocrx_word' id='word_1_275' title='bbox 330 2656 363 2691; x_wconf 86' lang='lat'><strong>2.</strong></span> <span class='ocrx_word' id='word_1_276' title='bbox 382 2656 591 2700; x_wconf 75' lang='lat' dir='ltr'><strong>Smicytlius</strong></span> <span class='ocrx_word' id='word_1_277' title='bbox 623 2656 790 2689; x_wconf 81' lang='lat' dir='ltr'><strong>hortante</strong></span> <span class='ocrx_word' id='word_1_278' title='bbox 821 2654 982 2689; x_wconf 85' lang='lat' dir='ltr'><strong>llierone</strong></span> <span class='ocrx_word' id='word_1_279' title='bbox 1019 2652 1189 2689; x_wconf 84' lang='lat' dir='ltr'><strong>Anaxilai</strong></span> <span class='ocrx_word' id='word_1_280' title='bbox 1224 2652 1313 2688; x_wconf 82' lang='lat' dir='ltr'><strong>filiis</strong></span> <span class='ocrx_word' id='word_1_281' title='bbox 1347 2652 1540 2698; x_wconf 80' lang='lat' dir='ltr'><strong>imperium</strong></span> <span class='ocrx_word' id='word_1_282' title='bbox 1570 2651 1681 2687; x_wconf 82' lang='lat' dir='ltr'><strong>tradit</strong></span> 
     </span>
     <span class='ocr_line' id='line_1_45' title="bbox 446 2712 839 2757; baseline -0.003 -11"><span class='ocrx_word' id='word_1_283' title='bbox 446 2712 598 2755; x_wconf 81' lang='lat' dir='ltr'><strong>(Introd.</strong></span> <span class='ocrx_word' id='word_1_284' title='bbox 625 2713 734 2757; x_wconf 75' lang='lat' dir='ltr'><strong>Pyth.</strong></span> <span class='ocrx_word' id='word_1_285' title='bbox 760 2712 839 2756; x_wconf 90' lang='lat'><strong>11.).</strong></span> 
     </span>
    </p>
   </div>
  </div>
 </body>
</html>
