1751 2986
64 633 1399 708 AueusrossoEeKHIQ

431 777 584 813 AMICO
617 773 1036 817 CONIUNCTISSIMQ

260 898 738 946 LUDOLPHUS
790 896 1209 943 DISSENIUS

704 1027 762 1077 S.

46 1151 293 1224 Pindarum
340 1183 447 1222 hunc
494 1194 596 1221 novo
640 1180 936 1220 Commentario
974 1180 1217 1218 illustratum
1257 1180 1413 1219 cuinam

44 1249 169 1299 magis
199 1247 514 1286 consecraverim
544 1259 661 1297 quam
692 1245 806 1293 Tibi,
846 1244 919 1283 Vir
946 1245 1314 1296 praestantissime,
1344 1244 1415 1294 qui

45 1310 158 1350 Tuus
187 1311 278 1358 fuit,
307 1315 522 1361 antequam
551 1311 754 1350 ederetur.
816 1309 969 1359 Yiginti
998 1314 1090 1347 sunt
1119 1309 1225 1355 anni,
1257 1321 1305 1346 ex
1334 1320 1412 1358 quo

44 1375 376 1414 Dissertationem
415 1376 521 1413 illam
562 1375 806 1422 ingeniosam
838 1373 966 1410 Tuam
997 1374 1048 1410 de
1078 1374 1216 1410 metris
1248 1372 1411 1410 Pindari

44 1440 255 1490 scripsisti,
285 1452 387 1488 quae
416 1445 457 1475 et
486 1439 650 1475 aliorum
682 1445 721 1474 et
750 1450 879 1474 meum
911 1437 1028 1473 huius
1059 1442 1203 1485 poetae
1232 1437 1410 1474 studium

43 1503 189 1542 mirum
215 1508 405 1553 quantum
427 1501 625 1539 excitavit.
674 1502 771 1539 Erat
795 1501 897 1538 enim
931 1501 966 1536 iu
997 1513 1061 1536 me
1091 1513 1111 1536 a
1141 1501 1312 1549 pueritia
1342 1513 1412 1538 ne-

44 1567 128 1606 scio
158 1566 359 1616 quomodo
388 1566 582 1604 maximus
612 1578 722 1602 amor
752 1571 961 1614 poetarum
995 1564 1268 1608 Graecorum,
1298 1564 1410 1601 audi-

42 1643 177 1669 veram
215 1634 357 1681 postea
395 1631 537 1681 cupide
576 1629 766 1679 Ileynii
805 1629 840 1666 in
871 1628 1082 1665 Pindarum
1116 1628 1330 1675 lectiones,
1371 1631 1411 1666 et

41 1694 265 1732 admirabar
303 1693 593 1732 Hermanni
633 1693 819 1731 metricas
849 1693 1142 1743 disputationes
1172 1692 1408 1742 explicatio-

42 1770 194 1808 nesque
221 1757 436 1796 multorum
468 1757 645 1795 locorum
676 1757 954 1802 acutissimas,
997 1770 1118 1806 quum
1148 1755 1211 1794 Tu
1242 1756 1292 1794 de
1322 1760 1408 1794 arte

41 1823 204 1861 metrica
233 1821 394 1860 Pindari
424 1827 466 1860 et
493 1821 543 1859 de
569 1821 736 1860 Doricae
765 1822 924 1871 poesios
955 1821 1087 1859 indole
1118 1821 1170 1858 ita
1200 1821 1407 1870 disputare

40 1886 253 1938 inciperes,
280 1891 326 1924 ut
353 1886 628 1924 incredibilem
671 1885 768 1924 mihi
799 1885 940 1923 narum
970 1899 1101 1923 rerum
1133 1884 1317 1922 ardorem
1346 1884 1407 1923 in-

42 1951 247 1989 cenderes,
310 1950 513 2002 Legebam
543 1963 592 1989 ex
619 1949 687 1988 illo
717 1955 899 1999 tempore
928 1963 973 1987 ac
1001 1949 1231 1999 relegebam
1261 1947 1406 1986 Pinda-

39 2027 149 2062 rum,
190 2018 233 2053 et
269 2027 391 2065 quum
429 2015 546 2066 paulo
583 2018 675 2065 post
713 2013 1037 2052 Hermannus
1078 2012 1407 2050 Dissertationem

41 2078 287 2130 praeclaram
316 2079 367 2117 de
394 2079 567 2118 dialecto
597 2078 757 2116 Pindari
787 2077 1031 2126 scripsisset,
1061 2076 1124 2114 Tu
1153 2089 1249 2114 vero
1280 2076 1407 2126 copiis

39 2141 230 2181 literariis
267 2142 426 2181 adiutus
456 2142 667 2181 uberrimis
695 2143 823 2193 ipsum
853 2140 1068 2178 Pindarum
1098 2141 1242 2179 ederes
1272 2144 1313 2178 et
1342 2153 1406 2179 re-

39 2206 229 2245 stitueres
258 2219 304 2244 ac
332 2206 525 2244 redderes
553 2206 668 2244 nobis
696 2218 773 2243 non
802 2216 879 2243 uno
909 2204 1050 2251 modo,
1088 2210 1171 2243 tum
1200 2216 1293 2242 vero
1323 2205 1406 2243 lae-

38 2273 104 2308 tus
125 2282 215 2308 cum
237 2270 324 2308 aliis
348 2270 498 2308 sentire
521 2270 638 2321 coepi
670 2268 848 2308 futurum
881 2274 1054 2319 tempus,
1084 2269 1152 2306 ubi
1182 2270 1303 2307 etiam
1334 2281 1403 2307 ex-

38 2333 251 2384 plicatione
272 2334 428 2385 longius
456 2335 678 2386 procedere
706 2339 748 2372 et
774 2334 814 2371 in
842 2333 979 2371 intima
1008 2333 1152 2371 horum
1180 2333 1403 2372 divinorum

39 2397 257 2436 carminum
283 2404 495 2449 penetrare
523 2398 677 2437 liceret.
720 2398 873 2437 Fueras
910 2397 1068 2436 interim
1108 2398 1268 2448 saepius
1301 2397 1404 2436 Got-

37 2461 184 2513 tingae,
211 2467 251 2502 et
273 2464 483 2502 exstiterat
504 2463 607 2502 inter
628 2475 700 2502 nos
724 2462 895 2500 amicitia
916 2462 1253 2510 coniunctissima,
1282 2474 1403 2513 quum

36 2526 251 2566 candorem
275 2532 316 2566 et
341 2527 631 2578 simplicitatem
654 2528 862 2579 ingenuam
893 2528 1011 2565 animi
1035 2526 1113 2566 Tui
1141 2527 1313 2565 maxime
1341 2525 1403 2564 di-

41 2588 207 2641 ligerem
235 2591 422 2642 idemque
448 2589 535 2638 Te,
576 2592 685 2642 quod
713 2604 812 2643 ego,
840 2593 892 2630 de
918 2592 1158 2642 antiquitatis
1188 2589 1332 2629 studiis
1362 2592 1404 2627 et

37 2651 91 2692 de
118 2653 447 2707 interpretatione
474 2656 710 2708 scriptorum
738 2661 918 2696 veterum
946 2657 1096 2696 sentire
1123 2655 1402 2706 intelligerem.
