1751 2986
338 261 391 290 cn

337 354 382 388 G.
409 353 463 388 de
487 350 749 387 Humboldt
779 349 958 395 quaedam
981 361 1026 384 ex
1060 352 1141 385 octo
1172 349 1276 385 libris
1299 349 1473 385 Parisinis
1494 349 1707 395 suppedita-

337 414 390 449 vit
412 414 459 448 ad
482 412 701 459 Pythiorum
723 413 824 447 locos
849 412 1098 455 difficiliores3
1131 413 1230 447 idem
1253 423 1372 457 pauca
1397 424 1441 447 ex
1465 417 1620 457 quatuor
1643 423 1708 447 co-

336 476 479 510 dicibus
501 474 836 510 vindobonensibus
859 474 1056 516 delibavit,
1086 487 1122 509 v.
1147 476 1314 510 Prooem.
1338 476 1459 519 Expll.
1492 487 1527 519 p.
1550 475 1584 508 7.
1631 475 1705 510 Ista

334 537 609 572 Boeckhius
645 547 729 570 raro
772 537 809 570 in
840 538 959 580 Expll.
1005 536 1320 581 commemoravit,
1362 548 1446 571 cum
1485 536 1706 581 paucissima

335 600 507 634 offerrent
532 611 576 633 ex
599 599 682 633 aliis
704 599 809 632 bonis
833 599 936 632 codd.
961 609 1032 632 non
1057 603 1211 633 enotata.

425 662 606 706 Quotquot
630 660 773 694 codices
795 660 857 694 vel
879 663 960 693 ante
985 670 1080 693 saec.
1107 661 1199 694 XIV.
1236 659 1361 704 scripti
1384 664 1466 694 sunt
1488 661 1549 695 vel
1571 669 1615 694 ex
1639 670 1704 694 ve-

332 724 543 757 tustioribus
575 727 703 767 postea
735 721 909 763 derivati,
938 725 1078 755 textum
1109 721 1281 756 exhibent
1311 725 1473 756 veterem
1511 725 1547 756 et
1569 721 1706 756 levium

334 785 623 819 coniecturarum
646 784 959 826 violentarumque
982 784 1219 817 mutationum
1242 787 1439 827 expertem.
1488 783 1558 827 Qui
1580 794 1707 817 recen-

333 847 444 881 tiores
467 850 567 889 sunt‚
596 846 675 880 fere
707 846 824 880 verba
852 848 1050 878 monstrant
1084 845 1130 877 ad
1165 855 1248 878 eam
1280 844 1440 878 formam
1463 845 1706 887 conformata,

333 919 427 953 quae
462 908 499 942 in
522 908 680 943 Scholiis
701 907 961 941 recentioribus
986 910 1184 950 comparet.
1242 906 1316 940 Sed
1339 907 1379 940 hi
1400 905 1486 940 libri
1508 916 1630 939 rursus
1654 904 1707 941 ita

332 970 368 1004 in
401 970 547 1003 diversa
578 971 731 1011 abeunt,
772 972 813 1002 ut
845 969 978 1013 partim
1011 967 1246 1011 Moschopuli
1275 967 1541 1009 recensionem,
1572 967 1707 1011 partim

331 1031 596 1066 Triclinianam
624 1033 828 1075 sequantur.
885 1030 979 1064 Nam
1011 1030 1179 1063 Thomae
1202 1029 1372 1074 Magistri
1406 1029 1602 1062 modestior
1623 1039 1705 1064 ma-

331 1103 398 1126 nus
420 1093 501 1126 fuit.
548 1093 666 1138 Igitur
688 1092 823 1126 veteris
845 1091 1065 1125 recensionis
1087 1095 1196 1126 testes
1219 1091 1397 1135 primarii,
1420 1093 1566 1135 praeter
1587 1089 1707 1125 Scho-

331 1153 382 1188 lia
405 1157 566 1195 vetusta,
602 1156 744 1188 exstant
775 1154 917 1188 codices
940 1153 1086 1188 Paris.
1112 1153 1141 1187 A
1175 1157 1210 1187 et
1242 1153 1594 1198 Gottingensis‚
1625 1151 1706 1196 qui·
1750 1168 1751 1175 κ

330 1215 485 1249 buscum
508 1215 544 1248 in
569 1215 750 1261 Olympiis
774 1215 996 1249 consentiunt
1018 1216 1096 1249 fere
1120 1216 1316 1250 Aldinus
1339 1216 1475 1257 liber,
1498 1215 1646 1249 Palat.
1661 1215 1705 1257 C,
1749 1195 1751 1256 1,

331 1277 535 1311 Moscov.
561 1277 610 1319 A,
651 1278 843 1322 August.
867 1277 920 1319 B,
965 1276 1130 1320 Vatic.‚
1169 1277 1386 1311 Cizensis
1420 1275 1596 1320 paucique
1627 1275 1704 1311 alii.

330 1337 464 1371 Contra
488 1349 635 1381 prorsus
658 1338 912 1382 interpolatam
946 1339 1142 1372 verborum
1165 1339 1325 1383 speciem
1356 1338 1521 1383 suggerit
1544 1337 1704 1372 maxime

329 1399 531 1433 Moscov.
557 1399 587 1431 Β
618 1400 868 1445 (Gottingensi
898 1399 1144 1433 bibliothecae
1176 1400 1223 1432 ab
1251 1400 1430 1444 Heynio
1466 1399 1635 1442 donatus)
1667 1403 1702 1434 et

331 1461 483 1495 editio
515 1462 727 1495 Romana
758 1461 794 1495 in
828 1461 1021 1506 Olympiis.
1079 1461 1241 1494 Mediam
1274 1463 1454 1505 quandam
1486 1462 1587 1496 viam
1616 1462 1702 1496 libri

328 1522 493 1556 insistunt
516 1534 538 1557 a
552 1524 794 1568 Moschopulo
808 1523 998 1568 recogniti,
1024 1524 1148 1566 quales
1171 1527 1252 1556 sunt
1270 1524 1384 1557 Pala
1397 1527 1420 1558 t.
1445 1525 1476 1557 A
1490 1524 1535 1567 B,
1559 1524 1701 1568 Lips„

330 1584 484 1619 Guelf.
518 1586 597 1629 (qui
622 1586 716 1618 liber
747 1585 851 1618 bonis
875 1585 1091 1629 quibusdam
1115 1584 1358 1628 peculiaribus
1383 1586 1596 1629 conspicuus
1620 1587 1702 1630 est),

329 1645 491 1690 Cygn.,
515 1646 813 1690 Augustanus
836 1647 887 1688 A,
913 1646 1168 1681 Bodleiani
1193 1647 1292 1691 αβγ,
1318 1646 1584 1680 Leidenses
1605 1646 1700 1688 AB3

328 1707 411 1741 vide
446 1706 680 1740 Boeckhii
710 1711 796 1741 nott.
830 1708 922 1742 critt.
956 1709 1012 1742 01.
1038 1709 1084 1751 11,
1108 1708 1165 1742 29.
1224 1710 1265 1743 In
1288 1709 1433 1743 Nemeis
1456 1709 1549 1754 Aug.
1574 1708 1702 1743 tertius

327 1772 363 1803 et
394 1769 581 1802 Mediceus
614 1770 704 1802 alter
739 1771 942 1812 excellunt,
983 1770 1101 1804 minus
1140 1774 1324 1815 praestant
1362 1769 1550 1804 Mediceus
1588 1769 1700 1814 prior,

326 1831 443 1865 Paris.
466 1831 497 1864 Β
522 1835 558 1865 et
581 1830 725 1864 Aldina.
770 1830 1004 1865 Isthmiorum
1029 1833 1172 1866 codices
1196 1833 1359 1868 diversas
1380 1832 1608 1867 recensiones
1630 1843 1700 1867 non

326 1892 494 1927 videntur
517 1891 628 1936 sequi.
1365 1898 1369 1902 ‘

415 1955 567 1996 Verum,
599 1957 639 1987 ut
668 1953 748 1987 fieri
772 1955 924 1996 assolet,
957 1954 1048 1988 istae
1081 1955 1246 1989 codicum
1276 1954 1440 1988 familiae
1472 1954 1509 1988 in
1545 1954 1700 2000 singulis

323 2015 427 2050 libris
460 2015 762 2049 contaminatione
797 2016 953 2058 quadam
985 2015 1076 2050 inter
1108 2028 1147 2050 se
1188 2018 1418 2060 coaluerunt,
1451 2019 1490 2048 ut
1513 2027 1556 2048 ex
1581 2017 1698 2050 altera

323 2077 360 2110 in
386 2078 542 2110 alteram
574 2078 755 2120 quaedam
777 2077 1027 2122 migraverint.
1092 2078 1210 2112 Veluti
1233 2082 1314 2112 sunt
1337 2078 1399 2121 qui
1421 2077 1457 2111 in
1483 2077 1698 2121 quibusdam

324 2138 490 2182 partibus
521 2139 566 2172 ad
591 2139 746 2183 optimos
781 2142 1056 2184 aggregantur,
1086 2151 1169 2173 cum
1200 2139 1291 2173 alias
1313 2139 1612 2184 interpolatorum
1636 2152 1697 2174 or-
1749 2161 1751 2171 Α

323 2199 398 2233 dini
430 2200 634 2234 ascribendi
668 2201 748 2235 sint.
796 2201 856 2235 Sic
879 2202 915 2236 in
939 2201 1083 2246 Pythiis
1116 2202 1152 2235 in
1186 2212 1336 2236 numero
1360 2201 1552 2236 meliorum
1582 2203 1698 2237 libro·
1749 2213 1751 2245 ,’

324 2272 405 2294 rum
440 2265 522 2294 sunt
555 2261 684 2295 Bodl.
718 2263 746 2296 C
778 2267 813 2297 et
836 2264 935 2298 Par.
961 2265 1012 2304 Β,
1044 2264 1129 2298 licet
1154 2264 1215 2297 hic
1239 2265 1384 2308 quidem
1408 2265 1549 2298 metrici
1574 2275 1696 2299 corre-

323 2322 459 2356 ctiones
502 2333 626 2367 passus
651 2324 707 2357 sit.
765 2325 859 2358 Hinc
897 2325 1111 2370 intelligitur
1145 2325 1256 2359 licere
1280 2325 1457 2359 interdum
1480 2327 1540 2360 vel
1565 2338 1608 2360 ex
1633 2327 1698 2361 de-

324 2384 517 2418 terioribus
552 2386 656 2419 libris
701 2384 865 2429 singulas
906 2382 1104 2429 scriptura's
1143 2390 1328 2430 repetere,
1373 2390 1497 2421 contra
1534 2388 1696 2423 maximo

323 2456 433 2489 opere
459 2446 659 2479 cavendum
685 2456 762 2479 esse
789 2446 834 2480 ab
860 2447 1008 2480 istorum
1027 2447 1167 2481 deliciis
1190 2448 1376 2490 librorum,
1403 2460 1553 2492 quorum
1579 2451 1695 2486 oratio
1750 2469 1751 2476 1

322 2507 368 2540 ad
392 2506 586 2549 metricae,
612 2508 815 2551 prosodiae,
854 2509 1013 2552 syntaxis
1037 2509 1275 2543 recentiorem
1299 2521 1463 2544 normam
1487 2511 1637 2546 licenter
1660 2515 1696 2547 et

322 2572 468 2612 praeter
492 2569 604 2602 fidem
629 2569 861 2603 Scholiorum
891 2574 1126 2615 veterumque
1160 2572 1326 2605 codicum
1351 2573 1480 2607 reficta
1503 2576 1568 2607 est.
1624 2574 1695 2608 Pe-

320 2630 414 2665 nitus
441 2634 562 2665 autem
587 2631 772 2665 reiiciendi
797 2632 938 2666 codices
962 2634 1101 2667 scilicet
1122 2633 1353 2678 Neapolitani
1376 2635 1422 2668 ab
1447 2635 1693 2670 Ahlward-

320 2692 385 2726 tio
411 2693 458 2726 ad
482 2693 668 2728 tutandam
685 2695 945 2739 scripturarum
966 2696 1012 2729 ab
1038 2695 1115 2740 ipso
1133 2695 1421 2741 excogitatarum
1440 2697 1692 2732 auctoritatem

319 2754 499 2791 advocati.
556 2756 655 2800 Quos
688 2757 832 2792 codices
856 2769 939 2792 curn
963 2757 1241 2793 Boeckhius
1278 2759 1325 2794 ad
1349 2759 1488 2793 calcem
1511 2760 1631 2804 Expll.
1655 2762 1693 2794 et
