1751 2986
311 142 363 168 Lu

311 236 411 269 laum
434 245 600 268 reversus
623 233 772 266 virtutes
808 231 876 264 viri
909 231 1033 265 laudat
1067 231 1241 265 nuntiatas
1274 231 1307 264 in
1342 231 1547 275 prooemio,
1581 231 1616 263 h.
1644 242 1674 263 e.

313 308 440 331 causas
455 297 621 330 fortunae
647 299 682 327 et
700 293 947 334 victoriarum,
973 297 1047 325 tum
1074 304 1198 336 preces
1218 293 1306 326 facit
1329 304 1391 336 pro
1411 293 1533 326 futura
1552 292 1678 336 Olym-

314 359 396 402 pica
421 358 583 392 victoria.
619 356 738 395 Vides,
768 354 852 397 quid
876 365 934 387 res
958 354 1021 394 sit;
1050 366 1142 387 nunc
1167 355 1311 387 demum
1337 354 1523 398 perspicue
1547 353 1680 388 intelli-

311 420 408 465 gitur
432 419 555 452 thema
580 420 615 450 et
637 415 803 449 tractatio
827 419 912 457 tota⁷
936 427 1000 448 cur
1021 415 1282 449 admonitiones
1307 427 1387 447 cum
1409 415 1575 449 laudibus
1600 415 1678 448 iun-

313 486 392 515 ctae
416 491 524 523 supra
548 478 682 512 fuerint
714 481 749 511 et
776 489 838 510 cur
863 478 906 510 de
930 478 1036 510 Batto
1061 477 1210 517 dixerit3
1242 477 1434 510 meditatur
1465 488 1526 509 rex
1564 476 1680 510 maio-

314 554 391 576 rem
415 540 604 575 victoriam
630 539 874 584 olympicam,
898 543 937 572 ut
961 543 1043 572 ante
1067 539 1187 571 omnia
1212 538 1291 582 pius
1313 550 1402 583 erga
1428 539 1512 571 deos
1538 542 1572 571 et
1595 549 1681 583 gra-

313 608 368 638 tus
392 615 481 648 erga
506 602 674 647 aurigam
699 612 776 633 esse
795 601 946 640 debeat3
972 600 1135 634 similiter
1155 601 1281 633 Battus
1306 601 1425 633 nixam
1444 600 1576 643 pietate
1599 599 1682 633 feli—

314 666 459 699 citatem
482 663 622 698 habuit.
660 662 846 706 Mythicus
863 663 974 707 igitur
1000 663 1100 695 locus
1125 666 1162 694 ut
1183 661 1338 705 primam
1365 667 1505 704 partem
1529 661 1685 705 explicat

314 728 567 769 fortunamque
591 723 786 766 Arcesilai,
811 723 862 757 ita
888 724 965 767 ipse
992 724 1130 767 penitus
1157 724 1357 767 explicatur
1380 724 1486 758 exitu.
1530 724 1623 758 Nam
1647 724 1683 757 in

314 790 385 822 hoc
417 786 577 821 carmine
610 786 868 819 admonitiones
905 786 950 818 ad
982 786 1122 819 ludicra
1149 785 1299 819 consilia
1335 786 1434 830 regis
1456 789 1684 828 revocantur,

315 854 353 884 nt
376 849 409 882 in
433 852 560 892 quarto
586 848 631 880 ad
658 847 820 891 publicas
844 858 913 888 τες,
946 858 1148 890 quanquam
1173 858 1301 880 revera
1327 851 1514 891 utrumque
1539 859 1684 881 carmen

317 910 584 956 quodammodo
618 909 663 941 ad
698 920 808 941 unum
840 908 951 941 finem
981 909 1083 942 redit.
1117 929 1159 933 -
1200 910 1303 953 Pyth.
1338 910 1395 942 VI.
1432 910 1467 942 in
1498 909 1684 953 prooemio

314 974 478 1017 Delphos
511 971 770 1015 proficiscitur,
805 969 866 1003 ubi
899 974 1045 1003 aeterna
1076 970 1251 1004 victoriae
1287 970 1408 1015 gloria
1444 975 1569 1004 exstat.
1624 971 1684 1005 Sic

316 1039 416 1070 mota
440 1033 704 1078 exspectatione
728 1032 801 1065 iam
826 1033 1085 1075 praestantiam
1118 1031 1291 1066 victoriae
1327 1032 1462 1065 directa
1500 1033 1607 1065 laude
1642 1044 1684 1065 ex

318 1098 451 1142 pietate
483 1096 658 1136 illustrat,
691 1094 847 1127 secunda
881 1105 972 1137 quae
1007 1095 1120 1128 virtus
1152 1106 1171 1127 e
1204 1093 1370 1126 Chironis
1404 1098 1597 1138 praecepto
1630 1096 1685 1128 sit.

317 1161 412 1193 Tum
436 1158 602 1192 fabulam
627 1157 671 1189 de
695 1155 914 1189 Archilocho
940 1155 1093 1196 subiicit,
1129 1160 1163 1189 et
1187 1156 1220 1189 in
1248 1156 1318 1188 fine
1344 1156 1389 1188 ad
1414 1156 1687 1200 Thrasybulum

317 1232 505 1260 reversus,
545 1218 717 1263 pietatem
742 1218 977 1251 adolescentis
1001 1221 1114 1251 totam
1140 1217 1308 1261 explicat,
1342 1217 1402 1260 qui
1426 1217 1590 1260 plurimis
1612 1218 1687 1251 vir-

318 1283 452 1318 tutibus
476 1280 638 1326 egregiis
663 1278 825 1312 imitetur
850 1282 1004 1321 patrem.
1019 1298 1064 1302 —
1082 1278 1184 1312 Nem.
1205 1279 1261 1311 vl.
1288 1279 1331 1312 de
1356 1279 1589 1312 Bassidarum
1612 1279 1687 1312 exi-

319 1344 394 1378 mia
418 1347 525 1388 gente
559 1341 718 1375 dicturus
752 1340 788 1373 in
812 1340 997 1383 prooemio
1030 1340 1154 1373 thema
1188 1340 1286 1383 ponit
1319 1341 1362 1373 de
1396 1340 1630 1373 similitudine
1654 1344 1689 1375 et

318 1404 606 1440 dissimilitudine
630 1401 821 1436 hominum
845 1406 880 1436 et
896 1403 1058 1443 deorum,
1082 1402 1202 1447 magis
1227 1413 1312 1435 vero
1338 1402 1462 1435 extulit
1476 1401 1688 1435 sententiam

319 1468 363 1502 de
387 1466 637 1500 imbecillitate
662 1465 842 1506 humana,
874 1467 913 1496 ut
937 1463 998 1506 pia
1029 1466 1064 1497 et
1096 1464 1259 1497 modesta
1283 1468 1377 1496 esset
1400 1465 1586 1506 tractatio,
1619 1475 1687 1497 non

320 1529 492 1573 gloriosa.
541 1527 618 1559 Iam
644 1525 728 1558 hinc
755 1536 881 1558 cursus
905 1523 1075 1558 carminis
1096 1526 1236 1569 pendet.
1286 1525 1432 1559 Orditur
1455 1525 1551 1558 enim
1575 1526 1620 1559 ab
1645 1525 1689 1559 iis

320 1590 448 1630 rebus,
473 1588 508 1621 in
533 1586 661 1630 quibus
685 1586 916 1620 imbecillitas
941 1587 1058 1632 gentis
1082 1586 1312 1631 conspicitur,
1336 1598 1449 1630 eoque
1474 1587 1583 1620 etiam
1607 1587 1689 1620 red—

322 1651 405 1685 itin
430 1649 524 1689 fine,
555 1648 768 1691 interposita
793 1649 906 1682 altera
942 1652 1044 1692 parte
1079 1649 1122 1681 de
1156 1648 1376 1692 praestantia
1408 1648 1536 1693 gentis.
1584 1648 1690 1682 Vides

321 1723 443 1746 errare
467 1710 528 1754 qui
560 1710 612 1742 sic
635 1713 774 1744 mutare
807 1712 997 1744 voluerunt
1022 1710 1177 1752 exitum,
1211 1715 1251 1743 ut
1272 1710 1364 1744 nihil
1393 1710 1443 1743 ibi
1480 1711 1524 1744 de
1548 1710 1690 1744 amissis

320 1773 482 1807 victoriis
507 1772 658 1806 dicatur.
684 1791 728 1798 —
760 1772 886 1805 Isthm.
912 1773 968 1806 lv.
1003 1772 1037 1805 in
1074 1772 1260 1816 prooemio
1285 1773 1382 1806 Thia
1407 1773 1595 1814 laudatur,
1624 1784 1689 1816 per

321 1847 429 1880 quam
463 1846 574 1868 naves
609 1837 644 1868 et
677 1846 799 1866 currus
821 1834 947 1868 bellici
982 1835 1258 1869 admirationem
1283 1835 1444 1868 habeant
1468 1838 1503 1867 et
1525 1834 1689 1867 ludicrae

322 1908 475 1930 coronae
500 1897 637 1929 dentur.
672 1895 764 1928 Exin
789 1895 963 1928 ludicram
988 1897 1134 1930 laudem
1153 1897 1348 1941 Lamponis
1364 1895 1523 1930 filiorum
1539 1896 1688 1938 orditur,

319 1970 404 1993 mox
428 1958 623 2002 interponit
646 1959 765 1990 locum
789 1957 833 1990 de
857 1957 1023 1991 Aeacidis
1048 1962 1083 1992 et
1107 1959 1151 1992 de
1177 1959 1331 1992 victoria
1355 1957 1572 2002 Salaminia,
1599 1969 1688 1991 nun-

320 2021 450 2055 tiatum
483 2023 518 2053 et
542 2020 659 2063 ipsum
685 2018 888 2062 prooemio,
921 2023 956 2053 et
987 2019 1022 2054 in
1055 2020 1128 2054 fine
1163 2021 1209 2054 ad
1240 2020 1398 2054 ludicras
1421 2031 1479 2053 res
1510 2031 1689 2063 reversus,

321 2084 389 2116 has
421 2081 597 2122 absolvit,
642 2081 749 2114 simul
779 2081 1025 2126 magnitudine
1060 2082 1179 2116 laudis
1214 2082 1372 2116 Cleonici
1403 2081 1502 2128 genti
1531 2081 1689 2116 tributae

322 2154 473 2178 causam
499 2142 670 2184 indicam,
709 2154 772 2175 cur
797 2143 1012 2177 bellicarum
1037 2156 1159 2178 rerum
1182 2145 1358 2178 illustrem
1383 2144 1689 2188 comparationem

320 2204 560 2249 praemiserit.
586 2222 631 2228 -—
664 2204 824 2238 Vidimus
849 2205 883 2238 in
907 2206 965 2238 his
988 2207 1163 2251 exemplis
1193 2207 1359 2240 omnibus
1382 2206 1469 2239 satis
1494 2207 1592 2240 clare
1617 2205 1689 2239 dis-

321 2265 509 2311 positionis
526 2266 703 2299 rationem
723 2278 816 2309 eam,
833 2279 940 2310 quam
965 2269 1059 2309 dixi3
1085 2269 1154 2302 erit
1171 2269 1264 2302 haec
1283 2268 1392 2302 etiam
1411 2268 1444 2300 in
1462 2267 1690 2310 sequentibus

322 2329 463 2368 eadem,
489 2327 556 2361 nisi
581 2329 673 2371 quod
698 2329 758 2362 hic
782 2328 818 2362 in
836 2330 1021 2372 prooemio
1047 2342 1127 2363 cum
1146 2329 1420 2373 praeparatione
1446 2328 1555 2361 etiam
1579 2329 1690 2372 ipsius

320 2390 545 2424 tractationis
577 2390 716 2424 initium
752 2391 977 2434 coniunctum
1003 2391 1211 2435 apparebit,
1246 2394 1283 2423 ut
1316 2390 1440 2423 fabula
1463 2391 1584 2424 statim
1610 2395 1689 2435 post

323 2452 546 2496 prooemium
571 2454 723 2497 legatur.
771 2453 877 2497 l‘yth.
897 2452 959 2485 xl.
987 2452 1019 2486 in
1046 2452 1231 2496 prooemio
1252 2455 1492 2485 convocantur
1517 2453 1689 2487 heroinae

322 2515 533 2553 Thebanae,
561 2519 596 2548 ut
614 2516 833 2548 Themidem
854 2519 888 2548 et
904 2513 1108 2560 ὀρθοδίκαν
1125 2513 1337 2548 umbilicum
1357 2517 1474 2548 terrae
1493 2515 1688 2558 celebrent,

322 2576 511 2611 victoriam
536 2576 594 2620 qui
612 2578 849 2621 'l'hrasydaeo
869 2577 1018 2619 dederit,
1043 2577 1220 2621 simulque
1247 2575 1414 2620 incipitur
1439 2577 1548 2610 etiam
1566 2577 1686 2611 Thra-

323 2638 449 2682 sydaci
462 2638 633 2673 laudatio.
659 2639 755 2673 Tum
772 2639 1008 2684 interponitur
1026 2639 1153 2674 fabula
1171 2639 1214 2673 de
1231 2638 1541 2684 Agamemnoniae
1559 2639 1687 2673 domus
