1751 2986
328 135 408 163 XXX

329 231 410 271 post
443 225 683 260 narrationem
714 225 862 259 fabulae
893 224 1003 257 etiam
1035 224 1106 257 hoc
1135 223 1180 257 ab
1214 234 1257 257 eo
1291 222 1452 264 absolvi,
1485 225 1627 266 partam
1652 222 1688 256 in

328 288 487 331 Pelopiis
511 287 697 320 curriculis
720 287 878 331 gloriam
902 285 962 328 qui
984 287 1090 329 longe
1121 285 1308 328 splendere
1333 283 1448 325 dieat,
1471 284 1564 317 unde
1587 283 1689 317 vides

329 353 427 383 recte
451 360 473 382 a
497 361 555 382 me
579 350 681 381 illum
704 349 825 380 locum
849 346 900 378 sic
924 346 1162 389 explicatum,
1185 349 1224 378 ut
1248 345 1332 378 feci.
1376 346 1479 378 Haec
1503 346 1688 379 haetenus.

330 411 387 445 01.
410 411 474 452 111,
497 410 542 442 11
567 420 664 452 seqq.
690 408 841 442 laudans
866 417 1036 440 coronam
1061 405 1311 449 Olympicam,
1346 415 1410 447 per
1434 404 1689 448 amplificatio-

329 483 412 505 nem
444 470 564 504 laudis
589 471 783 503 oleastrum
817 481 858 502 ex
883 467 1129 512 Hyperboreis
1162 467 1207 499 ab
1232 467 1392 499 Hercule
1416 467 1567 500 allatum
1592 466 1690 508 dicit,

330 537 437 576 atque
470 533 542 565 huc
567 532 687 564 omnia
710 534 878 570 revocat3
910 531 982 563 hoc
1008 529 1103 562 enim
1135 528 1271 561 factum
1294 530 1332 560 ut
1357 527 1571 570 explicetur,
1604 538 1690 561 cau-

329 606 407 628 sam
432 597 467 626 et
490 593 667 626 rationem
690 593 826 626 itineris
849 595 992 632 narrat,
1022 591 1134 623 donee
1158 590 1194 623 in
1217 590 1290 623 fine
1315 590 1361 623 ad
1384 589 1532 622 arbores
1553 589 1690 631 redeat,

330 667 418 700 quas
442 660 538 688 trans
562 655 719 688 Boream
750 654 967 698 spectaverit
990 653 1168 685 Hercules
1203 655 1238 684 et
1262 651 1457 684 admiratus
1479 650 1536 684 sit.
1562 668 1606 676 —
1631 650 1688 684 Ol.

329 718 424 759 vm,
448 716 504 750 30.
529 717 646 750 minus
670 717 813 759 quidem
840 717 939 749 clara
964 714 1055 747 ratio
1081 717 1151 752 est,
1177 714 1239 746 sed
1263 716 1383 746 tamen
1408 723 1478 745 non
1502 711 1690 754 probabile

331 784 385 814 est
417 781 538 824 legem
563 780 764 812 constanter
795 788 861 820 per
884 779 997 810 totum
1020 776 1219 810 Pindarum
1252 776 1482 808 observatam
1505 776 1540 806 et
1562 784 1628 816 per
1651 783 1691 807 se

329 841 570 874 necessariam
603 841 674 873 hoc
705 839 782 871 solo
817 840 898 871 loco
929 840 1133 882 neglectam
1172 848 1262 870 esse.
1317 835 1485 868 Laudans
1513 834 1691 879 Aeginam

330 914 395 946 per
418 902 737 946 amplificationem
762 900 878 933 laudis
901 901 947 933 ab
973 899 1103 933 illustri
1119 899 1251 931 Dorico
1274 898 1407 941 populo
1432 907 1514 930 eam
1535 896 1617 929 inde
1643 895 1690 930 ab

329 964 448 997 Aeaco
480 964 720 1007 gubernatam
753 962 943 995 contendit.
1006 962 1124 994 Huius
1156 960 1266 1003 igitur
1297 957 1492 992 sententiae
1526 957 1690 1000 probatio

330 1024 437 1057 debet
461 1035 611 1067 sequens
634 1024 760 1057 fabula
785 1035 881 1064 esse,
914 1024 944 1056 si
967 1023 1035 1056 sibi
1062 1026 1208 1056 constat.
1262 1020 1451 1065 Quomodo
1484 1030 1571 1052 vero
1596 1019 1690 1062 quod

331 1087 501 1119 volumus
533 1085 637 1118 inerit
670 1085 704 1118 in
738 1085 940 1118 narratione
983 1085 1027 1118 de
1065 1086 1213 1118 oraculo
1247 1085 1368 1118 Aeaeo
1411 1084 1491 1124 post
1531 1080 1692 1114 conditos

330 1147 463 1181 Troiae
482 1158 603 1180 muros
625 1148 721 1185 dato,
746 1147 801 1180 bis
825 1147 955 1179 urbem
980 1158 1147 1179 eversum
1171 1146 1215 1179 iri
1240 1157 1261 1179 a
1286 1144 1371 1178 filiis
1395 1143 1472 1176 eius
1494 1140 1691 1175 Aeacidis?

329 1209 476 1244 Scilicet
509 1220 617 1252 quum
645 1208 679 1241 in
713 1208 809 1241 bello
842 1208 987 1240 Persico
1023 1209 1183 1250 palmam
1212 1206 1410 1251 Aeginetae
1445 1207 1479 1236 et
1511 1202 1691 1246 Spartani,

329 1271 367 1303 h.
403 1282 433 1303 e.
465 1270 678 1309 Dorienses,
717 1268 898 1310 tulissent,
940 1280 997 1301 res
1031 1270 1213 1302 Troianae
1250 1279 1336 1300 vero
1379 1266 1474 1309 apud
1497 1265 1693 1298 Pindarum

328 1342 438 1374 saepe
465 1342 547 1363 cum
569 1330 724 1363 Persicis
749 1333 1026 1373 componantur,
1062 1329 1163 1372 quasi
1189 1328 1309 1361 onmia
1333 1328 1435 1360 unius
1458 1327 1546 1360 belli
1570 1330 1693 1361 contra

328 1393 507 1425 barbaros
532 1391 625 1436 gesti
649 1391 718 1424 sint
737 1391 910 1433 facinora,
935 1391 1097 1435 vulgaris
1121 1401 1212 1433 quae
1235 1394 1311 1422 tum
1327 1388 1439 1422 fuisse
1455 1389 1597 1422 videtur
1614 1388 1692 1432 opi-

327 1453 408 1496 nio,
441 1453 555 1496 potuit
580 1464 622 1485 eo
648 1454 807 1486 alludens
832 1453 1017 1496 ingeniose
1043 1452 1163 1485 (licere
1188 1451 1257 1483 sie:
1291 1452 1379 1483 Esse
1412 1450 1506 1483 enim
1530 1449 1692 1492 profecto

331 1515 485 1548 eundem
508 1514 684 1546 Doricum
708 1515 901 1556 populum,
933 1526 1001 1547 non
1028 1515 1158 1555 alium,
1191 1513 1249 1545 cui
1278 1512 1352 1545 iam
1383 1512 1470 1544 olim
1494 1512 1579 1544 data
1602 1510 1648 1544 sit
1670 1521 1692 1544 a

329 1575 397 1608 diis
417 1575 659 1607 barbarorum
685 1575 894 1608 debellatio.
949 1576 1064 1618 Atque
1090 1574 1139 1607 ita
1165 1584 1350 1614 censeam3
1385 1573 1476 1605 adde
1500 1573 1693 1605 Commen-

328 1635 472 1677 tarium,
508 1635 571 1668 ubi
595 1635 704 1668 etiam
730 1639 875 1678 propter
899 1636 1092 1669 Hellenum
1116 1647 1243 1668 nomen
1269 1634 1430 1678 speciose
1458 1634 1508 1667 ita
1532 1634 1601 1667 dici
1625 1644 1693 1678 po·-

328 1697 438 1730 tuisse
457 1682 667 1729 Bbservavi.
730 1697 899 1729 Ceterum
930 1696 964 1729 in
989 1697 1061 1729 fine
1085 1708 1154 1729 non
1178 1697 1270 1729 redit
1302 1696 1347 1729 ad
1379 1696 1592 1730 sententiam
1624 1695 1693 1729 ini-

329 1758 474 1800 tialem,
500 1770 582 1791 nani
608 1759 677 1791 hoc
701 1768 783 1789 raro
808 1757 849 1790 fit
874 1757 910 1790 in
934 1759 1135 1798 sententiis,
1161 1762 1199 1792 ut
1223 1759 1310 1801 dixi,
1335 1758 1397 1791 sed
1424 1758 1535 1791 alium
1559 1757 1692 1791 exitum

330 1819 492 1863 imponit,
515 1820 691 1869 reducens
716 1819 874 1851 Aeacum
901 1830 944 1851 ex
967 1821 1089 1853 Troia.
1110 1840 1152 1844 ——
1179 1821 1234 1855 01.
1261 1821 1322 1861 xl,
1349 1818 1405 1851 24.
1431 1822 1511 1862 post
1533 1818 1633 1851 urbis
1656 1821 1693 1852 et

328 1881 476 1914 victorfs
510 1881 656 1914 laudem
688 1880 831 1913 tertium
856 1880 1029 1924 Olympia
1052 1893 1090 1914 se
1116 1882 1202 1914 dicit
1226 1882 1491 1914 celebraturum
1525 1880 1570 1912 ab
1596 1880 1692 1912 Her-

330 1944 409 1976 cule
433 1943 604 1975 instituta.
660 1942 809 1985 Iamque
835 1943 934 1984 quasi
960 1944 1005 1976 ab
1031 1943 1170 1987 origine
1194 1943 1264 1975 hoc
1288 1942 1425 1975 factum
1450 1941 1692 1984 explicaturus

328 2003 484 2046 primum
510 2004 646 2036 bellum
672 2003 842 2035 Herculis
875 2003 1047 2048 adversus
1070 2004 1287 2037 Molionidas
1320 2007 1353 2036 et
1379 2003 1535 2047 Augiam
1557 2006 1692 2043 narrat,

327 2068 402 2097 tum
426 2066 471 2098 ad
498 2065 669 2108 Olympia
694 2064 791 2107 ipsa,
817 2064 921 2098 huius
946 2065 1120 2105 victoriae
1147 2064 1324 2107 epinicia,
1358 2065 1465 2105 redit,
1489 2068 1528 2097 ut
1551 2063 1691 2096 condita

327 2126 406 2159 sint.
445 2127 633 2159 Revocata
658 2125 768 2170 igitur
793 2126 912 2159 onmia
937 2127 983 2159 ad
1008 2137 1117 2159 uuam
1142 2126 1395 2170 Olympiorum
1422 2123 1691 2165 institutionem,

328 2189 367 2219 ut
389 2186 535 2219 unitatis
559 2187 678 2229 specie
703 2188 846 2230 placeat
870 2190 989 2229 loeus,
1015 2199 1124 2231 quum
1148 2198 1278 2220 revera
1302 2185 1470 2220 victorias
1490 2185 1625 2228 pariter
1648 2195 1691 2218 ae

326 2246 562 2280 victoriarum
597 2247 751 2290 epinicia
776 2249 898 2281 laudet
934 2253 969 2282 et
993 2249 1141 2282 laudare
1166 2248 1264 2281 velit.
1290 2267 1333 2272 —
1357 2247 1414 2281 Ol.
1441 2247 1536 2280 Xlll.
1564 2246 1692 2280 Corin-

327 2307 382 2340 thi
405 2308 487 2340 laus
517 2318 677 2341 summus
708 2309 802 2342 finis.
858 2310 997 2343 Tamen
1022 2310 1180 2343 suaviter
1211 2321 1232 2343 a
1255 2310 1364 2342 rebus
1388 2308 1538 2351 privatis
1574 2319 1607 2341 v.
1631 2306 1688 2341 49.

327 2379 390 2411 per
415 2368 677 2411 oppositionem
702 2371 747 2403 ad
762 2371 925 2414 mythica
948 2372 1123 2405 transiens
1146 2376 1315 2415 tanquam
1337 2369 1520 2413 publicam
1544 2369 1690 2402 laudem

327 2428 572 2463 fortitudinem
607 2434 642 2463 et
673 2433 900 2474 prudentiam
933 2430 1132 2476 priscorum
1157 2434 1312 2478 probare
1335 2433 1423 2465 vult.
1481 2432 1563 2463 lloc
1585 2430 1689 2464 titulo

327 2489 534 2533 adiungitur
563 2491 673 2525 etiam
697 2494 989 2537 Bellerophontis
1024 2494 1169 2536 fabula,
1200 2494 1234 2526 in
1268 2494 1367 2526 cuius
1391 2493 1484 2533 fine,
1517 2495 1556 2525 ut
1578 2491 1690 2526 moris

325 2549 361 2583 in
385 2551 578 2593 sententiis,
602 2564 670 2586 non
694 2554 785 2588 redit
812 2556 857 2594 ad
883 2556 934 2601 id,
958 2556 1050 2599 quod
1075 2555 1173 2589 initio
1197 2555 1458 2597 affirmaverat,
1483 2555 1526 2587 de
1552 2554 1690 2588 duabus

327 2611 591 2647 Corinthiorum
616 2615 820 2657 virtutibus,
846 2617 907 2650 sed
932 2621 1084 2651 mortem
1108 2616 1398 2660 Bellerophontis
1420 2616 1630 2661 significans
1654 2618 1690 2649 et

328 2673 460 2718 Pegasi
491 2674 526 2709 in
558 2678 700 2713 eoelum
732 2679 964 2724 adscensum,
1004 2680 1054 2714 ita
1085 2679 1216 2713 exitum
1258 2678 1408 2722 imponit
1449 2678 1610 2712 fabulae.
1644 2695 1688 2704 —
