1794 2982
352 160 431 201 116
750 153 1213 195 ΠΥΘΙΟΝΙΚΑΙ
1247 150 1312 196 Δ.

491 264 537 311 ἐκ
556 262 603 309 δὲ
623 259 867 319 Μεσσάνας
886 259 1106 322 Ἀμυθάν·
1141 259 1303 322 ταχέως
1324 258 1363 307 6’
1379 258 1596 322 ’Ἄδματος
1625 256 1715 308 ἷκεν

957 329 1032 375 καὶ
1067 328 1325 389 Μέλαμπος,

487 372 761 456 εὐμενέοντες
796 393 992 452 άνεψιόν.
1038 395 1083 442 ἐν
1117 393 1266 453 δαιτὸς
1300 395 1347 441 δε
1381 394 1514 457 μοίρᾳ
1646 403 1715 437 225

487 463 733 524 μειλιχίοισι
766 461 918 524 λόγοις
953 461 1120 519 αὐτους
1154 461 1304 509 Ἰάσων
1338 462 1556 524 δέγμενος,

489 528 605 586 ξείνι’
640 528 886 591 ἁρμόζοντα
918 529 1107 590 τεύχων,
1151 534 1300 576 πᾶσαν
1339 529 1384 575 ἐν
1429 525 1717 589 εὐφροσύναν

954 597 1128 653 τάνυεν,
1595 620 1598 623 Δ
1648 605 1717 639 230

358 671 453 716 130
490 663 684 724 ἀθρόαις
717 663 843 710 πέντε
878 662 1060 724 δραπών
1092 661 1325 710 νύκτεσσιν
1351 661 1397 708 ἕν
1423 659 1472 707 θ’
1503 658 1685 723 ἁμέραις

489 730 611 795 ἱερὸν
645 730 816 790 ειῗζωᾶς
849 728 1005 778 ἄωτον.

1542 838 1635 887 Ἐπ.
1666 837 1717 885 ς’.

493 908 589 957 ἄλλ’
615 910 660 957 ἐν
693 909 794 977 ἕκτα
820 909 976 968 πάντα,
1009 909 1143 973 λόγον
1167 909 1353 971 θέμενος
1380 910 1643 965 σπουδαῖον,
1677 904 1724 963 ἐξ

961 976 1099 1039 άρχιῖς
1133 975 1246 1061 ανὴρ
1653 981 1721 1015 235

490 1043 745 1107 συγγενέσιν
777 1044 1084 1106 παρεκοινᾶθ’·
1121 1046 1163 1092 οἱ
1197 1043 1236 1092 6'
1262 1041 1503 1091 ἐπέσποντ’.
1550 1039 1660 1099 αἶψα
1681 1037 1721 1086 6²

961 1110 1050 1158 άπὸ
1084 1116 1261 1158 κλισιαν

491 1168 605 1238 ὦρτο
641 1175 728 1224 σύν
762 1177 958 1224 κείνοισι.
1002 1180 1079 1225 καί
1103 1178 1142 1240 ρ’
1168 1172 1316 1242 ἦλθον
1340 1177 1482 1223 Πελία
1503 1174 1718 1237 μέγαρον·

360 1248 454 1296 135
492 1243 724 1305 ἐσσύμενοι
753 1242 793 1291 6'
827 1246 929 1291 εἴσω
961 1247 1186 1293 κατέσταν.
1231 1249 1318 1292 τῶν
1338 1243 1376 1291 6'
1396 1242 1615 1301 ιέκούσαις
1634 1238 1722 1288 αὔ-

961 1312 1041 1371 τὸς
1073 1313 1343 1361 ὑπαντίασεν
1654 1317 1722 1352 240

497 1383 682 1440 Τυροῦς
716 1380 1076 1442 ἐρασιπλοκάμου
1109 1380 1257 1444 γενεά·
1292 1376 1443 1440 πραῢν
1472 1375 1512 1424 6'
1538 1375 1691 1424 Ἰάσων

491 1451 703 1512 μαλθακᾷ
737 1451 866 1512 φωνᾷ
900 1448 1171 1507 ποτιστάζων
1207 1446 1346 1509 ὄαρον

492 1514 676 1575 βάλλετο
707 1518 901 1578 κρηπῖδα
935 1520 1095 1577 σοφῶν
1129 1515 1288 1563 ἐπέων·
1328 1517 1425 1561 Παῖ
1444 1513 1724 1569 Ποσειδᾶνος

971 1584 1212 1645 Πετραίου,
1654 1588 1723 1622 245

489 1693 576 1740 ἐντὶ
608 1693 687 1755 μὲν
720 1698 898 1743 θνατῶν
931 1695 1090 1758 φρένες
1123 1693 1338 1758 ὠκύτεραι
1544 1695 1650 1754 Στρ.
1671 1689 1720 1750 ζ’.

402 1836 435 1858 ν.
464 1826 540 1859 126.
566 1820 657 1871 ἧκεν
680 1846 725 1852 —-
749 1839 780 1860 v.
809 1827 883 1861 134.
908 1826 1068 1874 μέγαρον
1097 1828 1231 1863 Πελία·
1257 1847 1300 1852 -
1335 1839 1368 1860 v.
1397 1826 1470 1861 135.
1494 1822 1722 1870 ’ὑπηντίασεν

447 1987 482 2008 v.
513 1975 592 2009 129.
643 1976 824 2020 [Plerique
856 1977 942 2011 libri
972 1976 1009 2018 ἐς
1033 1978 1093 2012 vel
1124 1976 1177 2017 εἰς
1207 1974 1454 2024 εὐφροσύναν.
1500 1976 1547 2011 At
1577 1974 1616 2010 ἐν
1639 1985 1722 2010 cum

354 2018 492 2055 τάνυεν
517 2022 748 2067 iungendum.
796 2023 917 2066 SCH]

447 2079 481 2100 v.
506 2049 864 2122 132⁰[11ermannus
881 2068 1123 2112 opuscc.vl1.
1144 2067 1280 2114 p.140:
1307 2068 1391 2110 „Sic
1411 2066 1720 2127 distinguendum'}

354 2108 431 2145 ἀλλ’
447 2111 485 2145 ἐν
504 2111 591 2159 ἕκτᾳ
608 2114 746 2156 πάντα,
768 2113 878 2157 λόγον
896 2113 1054 2157 θέμενος
1072 2117 1290 2156 σπουδαῖον,
1317 2114 1353 2155 ἐξ
1371 2113 1484 2158 α’ρχᾶς
1501 2112 1595 2167 ἀνὴρ
1615 2122 1647 2146 σ.
1658 2124 1697 2145 π.

357 2156 424 2190 Cui
450 2149 710 2202 obtemperavi.
757 2160 873 2205 Vulgo
907 2163 1089 2193 commata
1119 2161 1246 2196 desunt
1276 2161 1503 2203 referturque
1525 2170 1650 2193 παντα
1675 2156 1722 2192 ad

357 2204 576 2237 σπουδαῖον.
625 2204 747 2248 SCH]

447 2248 587 2282 v.134
637 2250 771 2293 [Πελία
794 2248 956 2307 μέγαρον
981 2249 1107 2294 optimi
1130 2249 1238 2293 libri,
1273 2250 1369 2294 quod
1392 2248 1534 2284 metrici
1555 2251 1721 2292 transpo-

355 2297 514 2327 suerunt.
562 2295 692 2329 Statim
716 2300 795 2339 post
819 2295 1049 2331 υπαντίασεν
1074 2295 1212 2340 optimi.
1262 2297 1386 2338 SCH.]

445 2337 569 2373 v.145
588 2352 661 2384 seq.
670 2341 877 2395 [Scholiaz
899 2339 942 2376 Ὁ
949 2338 1083 2394 Χαῖρις
1106 2341 1319 2387 προςτιθεὶς
1341 2339 1383 2375 τό
1409 2344 1426 2373 ῖ
1451 2334 1585 2383 γράφει
1606 2334 1703 2393 Αφ
1688 2350 1722 2371 ι-

354 2394 562 2423 σταιντο,
589 2386 634 2419 ιν’
660 2381 682 2432 ᾖ
709 2384 808 2421 εὐκτι
799 2387 875 2426 ικὸς
899 2386 919 2421 ὁ
943 2385 1069 2430 λόγος·
1096 2388 1319 2440 άφίσταιντο
1338 2386 1378 2420 αἱ
1391 2387 1557 2439 Μοῖραι,
1591 2384 1625 2418 εἰ
1638 2381 1722 2428 μέλ-

353 2431 412 2463 λοι
440 2428 477 2463 ἐν
502 2430 553 2476 τῷ
576 2432 671 2485 γένει
690 2429 792 2487 ἡμῶν
811 2431 976 2490 διαφορά
994 2430 1178 2475 γενέσθαι,
1203 2429 1293 2471 ω’ςτε
1309 2429 1401 2476 πρὸς
1419 2429 1614 2463 ἀναίδειαν
1628 2441 1720 2472 τρα-

355 2475 485 2517 πῆναι.
520 2476 584 2510 καὶ
610 2474 678 2511 ov’n
703 2476 901 2517 α’πιθάνως
919 2477 938 2511 ὁ
956 2481 1099 2520 Χαῖρις
1132 2477 1361 2510 Hermannus
1385 2486 1492 2519 quam
1512 2475 1557 2508 ad
1576 2474 1719 2519 Sopho-

357 2521 423 2554 clis
448 2520 535 2555 Oed.
563 2523 639 2557 Col.
667 2521 745 2556 28).
772 2526 1008 2567 proposuerat
1032 2523 1354 2566 interpunctionem
1377 2521 1572 2555 verborum
1597 2531 1619 2554 a
1636 2520 1719 2554 Dis-

356 2566 456 2600 senio
481 2567 627 2611 quidem
652 2568 685 2601 in
711 2568 978 2602 commentariis
1002 2569 1036 2601 h.
1062 2569 1086 2601 1.
1120 2579 1189 2601 non
1219 2568 1478 2602 labefactatam
1500 2570 1601 2599 ratus
1625 2576 1720 2599 nunc

354 2614 474 2666 tampn
499 2612 605 2647 aliter
627 2613 771 2648 iudicat.
821 2613 972 2647 Coniicit
999 2613 1093 2646 enim
1118 2613 1315 2647 Pindarum
1339 2612 1546 2667 scripsisse.
1573 2614 1719 2652 Μοῖραι

351 2653 386 2692 6'
410 2654 617 2702 ἀφίσταντ’,
639 2659 678 2694 εἴ
695 2672 750 2701 τις
773 2657 890 2705 ἔχθρα
911 2659 1011 2694 πέλει
1030 2655 1244 2703 ὁμογόνοις,
1268 2659 1403 2694 αἰδοῖ
1423 2656 1603 2701 καλύψαι.
1638 2656 1716 2692 Non
