1794 2982
297 155 301 158 .
355 109 436 148 29⁰
634 104 1060 146 FRAGMENTA
1113 105 1428 148 SELECTA.

491 210 603 259 ἄλλά
637 223 685 257 σε
719 208 834 271 πρὸς
869 209 980 268 Διὸς
1013 212 1176 269 ἵππους
1211 213 1420 270 ζαθέας“
1408 212 1585 260 ικετεύω

493 276 684 342 ἀπήμον’
715 278 758 335 ἐς
777 276 912 339 ὄλβον
941 276 1035 325 τινὰ
1056 278 1239 340 τράποις
1264 280 1448 343 Θηβαις,
1476 283 1511 327 ὠ
1540 279 1712 336 πότνια,

1025 346 1268 409 πάγκοινον
1300 349 1439 409 τέρας.
1671 386 1674 387 ⁷

492 411 694 472 πολέμου
714 410 753 458 δ’
773 413 810 458 εἰ
829 416 948 474 σᾶμα
970 413 1118 475 φέρεις
1136 414 1265 473 τινός,
1289 412 1319 477 η’
1339 419 1521 476 καρποῦ
1539 414 1714 475 φθίσιν,

1023 479 1053 544 ἢ
1067 487 1252 543 νιφετοῦ
1270 484 1430 541 σθένος
1442 481 1715 543 ὑπέρφατον,

493 543 523 608 ἢ
543 545 695 591 στάσιν
715 544 1021 606 οὐλομέναν,
992 548 1030 631 '¹11‘
1046 548 1217 597 πόντου
1235 551 1439 597 κενέωσιν
1461 547 1543 597 dvc}
1565 549 1715 605 πέδον,

402 618 462 661 10
498 611 528 676 ἢ
557 611 742 675 παγετὸν
770 613 948 675 χθονός,
981 612 1014 678 ἢ
1032 617 1177 664 νότιον
1210 619 1344 680 θέρος
1376 617 1505 666 ὕδατι
1546 615 1717 681 ζακότῳ

1028 684 1186 745 διερόν,

495 747 524 813 ἦ
542 754 669 811 γαῖαν
686 749 1017 797 κατακλύσαισα
1034 752 1194 814 θήσεις
1214 753 1385 815 ἀνδρῶν
1403 754 1504 801 νέον
1523 752 1568 810 ἐξ
1584 750 1719 814 ἆρχᾶς

1031 820 1168 880 γένος,

497 884 844 948 ὀλοφυρομένων
879 886 904 915 *
921 886 1094 934 πάντων
1128 888 1233 948 μέτα
1266 889 1482 949 πείσομαι.

544 964 607 997 Ex
638 964 843 997 carmine
876 964 927 998 de
960 964 1075 998 solis
1107 965 1306 1000 defectu.

410 1079 442 1112 6.
469 1078 596 1118 ἵπποις
620 1080 832 1119 θοαῖς-7.
859 1078 896 1120 ἐς
918 1078 1029 1126 ὄλβον
1052 1078 1211 1125 τράποιο
1239 1079 1382 1126 Θήβαις
1402 1098 1439 1106 -
1467 1082 1518 1114 12.
1543 1080 1721 1124 Signum

364 1126 665 1167 corruptelae
699 1126 840 1158 abest.

363 1219 607 1273 Στησίχορον
625 1219 685 1253 καὶ
719 1219 784 1254 τὸν
810 1221 1001 1276 Πίνδαρον
1024 1219 1062 1254 ἐν
1092 1223 1173 1260 ταῖς
1201 1218 1402 1261 ἐκλείψεσιν
1426 1217 1724 1276 ὀλοφυρομένους

363 1264 429 1322 τὸν
461 1264 725 1321 φανερώτατον
748 1261 903 1321 (ἄστρον
926 1265 1133 1311 υπέρτατον
1146 1266 1380 1320 Boeckhius)
1409 1265 1655 1309 κλεπτόμενον
1678 1286 1725 1293 —-

364 1310 427 1345 καὶ
445 1307 514 1354 τὴν
533 1308 664 1344 οἷκτῖνα
685 1312 752 1345 τοῦ
773 1310 879 1355 ἡλίου
906 1312 1107 1351 σκότους
1132 1309 1317 1356 οἷτραπὸ
1332 1326 1374 1346 ν.
1413 1310 1724 1366 .q2026uovzoc9.——

366 1356 402 1390 6.
435 1355 468 1389 7.
500 1357 693 1401 Dionysius
723 1358 836 1397 Ζίτπος
875 1357 972 1397 θοὰς
1013 1357 1164 1393 ἱκετεύω
1197 1357 1375 1401 ἀπήμονα
1414 1357 1449 1396 ἐς
1491 1354 1600 1402 ὄλβον
1638 1355 1722 1392 τινὰ

364 1399 520 1444 τράποιο
548 1404 701 1448 Θήβαις.
748 1404 794 1436 Et
817 1404 868 1436 sic
894 1404 1058 1445 codices,
1087 1404 1155 1437 nisi
1179 1404 1272 1447 quod
1296 1403 1397 1437 1745.
1423 1404 1534 1443 ἵππος
1556 1402 1724 1447 θαθοάς,

365 1445 466 1481 1742.
499 1447 611 1487 ἵππος
642 1450 795 1485 &uanae
818 1449 910 1483 mire
943 1450 1107 1483 offerunt.
1163 1450 1357 1494 Coi-rigant
1387 1449 1515 1489 ι’πποις
1543 1451 1656 1487 θοαῖς
1679 1468 1724 1473 -

364 1491 522 1537 τράποιο
557 1493 746 1538 (τρέποιτο
780 1496 991 1540 Bergkius).
1047 1497 1128 1540 Ego
1153 1507 1196 1528 ex
1221 1495 1383 1540 vestigiis
1414 1495 1589 1529 librorum
1618 1494 1725 1528 elicui

367 1539 504 1579 ιππους
536 1539 714 1581 gaesus,-
748 1540 854 1583 idque
884 1553 951 1575 non
981 1542 1133 1574 obscure
1163 1553 1207 1574 ex
1239 1541 1391 1574 Philone
1421 1540 1608 1581 Armenio,
1649 1540 1723 1573 vid.

365 1585 479 1625 infra,
510 1587 675 1628 pellucet.
730 1587 807 1619 Iam
841 1598 905 1630 pro
937 1586 1090 1632 τρόποιο
1116 1586 1356 1620 necessarium
1386 1586 1455 1620 fuit
1488 1586 1644 1630 τράποις
1665 1596 1724 1618 re—

366 1630 486 1662 scribi.
522 1632 689 1664 Ceterum
714 1643 776 1664 cui
792 1631 877 1665 τινὰ
903 1644 1046 1676 piorsus
1064 1633 1243 1666 deleretur
1261 1644 1329 1665 non
1354 1636 1430 1665 erat
1453 1631 1582 1665 idonea
1606 1640 1724 1664 causa.

366 1675 527 1728 Denique
559 1680 597 1709 ut
630 1688 738 1730 supra
770 1678 877 1711 θοῶν
909 1679 996 1712 abiit
1026 1678 1061 1710 in
1085 1678 1184 1719 θεῶ,
1216 1677 1267 1710 sie
1298 1679 1335 1710 h.
1361 1679 1383 1710 l.
1411 1676 1548 1718 ζαθέας
1579 1676 1615 1709 in
1647 1678 1726 1710 θα-

366 1719 476 1760 eoois.
502 1741 541 1745 —
562 1721 595 1754 7.
618 1722 821 1757 πάσκοινον
839 1723 938 1755 1742.
962 1744 1000 1749 —-
1023 1724 1055 1757 8.
1073 1723 1234 1766 πολέμου
1255 1721 1345 1762 δὶς
1321 1720 1405 1775 α’μα
1429 1723 1526 1756 libri.
1563 1721 1727 1755 Correxit

366 1768 596 1800 Hermannus
630 1773 825 1810 praeeunte
856 1769 1054 1825 scaligero.
1090 1788 1133 1794 —-·
1173 1769 1206 1801 9.
1242 1765 1334 1802 ἀλλὰ
1368 1767 1483 1802 πέδον
1514 1768 1616 1801 libri.
1652 1762 1727 1800 οἷνοὶ

367 1812 482 1845 πέδον
518 1813 695 1858 Scaliger.
749 1815 978 1847 chnannus
1011 1811 1060 1858 ἃμ,
1084 1814 1210 1848 πέδον.
1265 1815 1434 1847 Ceterum
1466 1814 1594 1847 κεῶσιν
1625 1811 1726 1845 1742.

370 1858 526 1901 Uterque
552 1858 757 1900 ουλομέναν
782 1859 899 1903 (1742.
927 1872 1034 1903 snpra
1058 1860 1145 1902 scr.)
1172 1871 1236 1903 pro
1248 1859 1424 1913 Dionysii
1446 1860 1598 1904 vulgata
1623 1857 1728 1893 ου’λο-

369 1903 495 1947 μένην.
526 1925 561 1929 -
601 1904 655 1937 10.
682 1905 805 1959 διερόν
828 1906 1004 1951 Scaliger.
1057 1906 1157 1939 Libri
1182 1903 1290 1950 ἱερόν.
1320 1925 1361 1929 —-
1386 1886 1728 1939 11.κατακλὺσασα

368 1948 478 2003 θήσει
504 1947 650 2003 ἀνδρῶν
673 1950 758 1985 νέον
784 1949 893 1995 (νέων
922 1933 1036 1994 1742.)
1062 1950 1097 1993 ἐξ
1122 1949 1235 1996 αρχῆς
1258 1951 1352 1985 libri.
1377 1970 1421 1977 —
1456 1950 1510 1983 12.
1537 1950 1728 2007 Dionypius

369 1992 535 2038 ὀλοφυ..
569 1992 750 2041 (ὀλοφυρ.
769 2023 776 2030 .
811 1998 1020 2030 Hudsonus:
1052 1995 1147 2041 ὀλοφ
1172 1995 1292 2039 1745.)
1323 1995 1475 2030 πάντων
1506 1996 1728 2040 μεταπείσο-

367 2054 445 2084 μοιι.
504 2042 906 2095 Ex1¹111t.1.c.{1aee
941 2043 1098 2097 suppleri
1130 2054 1233 2087 posse
1257 2042 1420 2076 arbitrati
1444 2039 1728 2087 ὀλοφυρομένων

366 2088 445 2127 (vel
462 2082 755 2131 ὄλοφυρόμειος)
774 2087 925 2122 πάντων
950 2090 1040 2129 μέτα
1063 2090 1236 2132 πείσομαι
1260 2088 1476 2131 scripserunt
1488 2089 1727 2129 Hermannus,

370 2132 584 2174 Bocckhius
610 2133 799 2177 Bergkius.
848 2135 920 2168 Sed
948 2136 1116 2168 lacunam
1141 2135 1356 2178 ampliorem
1381 2145 1458 2167 esse
1484 2134 1588 2176 docet
1612 2131 1727 2175 1745„

369 2178 429 2229 qui
462 2178 573 2210 habet
602 2176 696 2221 ὀλοφ
712 2204 819 2213 .....
844 2183 906 2214 ὂεν
941 2178 998 2215 ὅτι
1028 2180 1179 2215 πάντων
1210 2180 1492 2233 μεταπεισομαι·
1527 2179 1728 2213 κάνταῦθα

369 2222 438 2265 (sic
464 2226 498 2255 et
524 2222 641 2265 1742.)
668 2222 734 2259 ου’.
749 2227 933 2269 μληγορια
958 2223 1006 2265 οἷς
1031 2228 1132 2270 παρὰ
1158 2224 1341 2260 Πλάτωνι.
1396 2225 1532 2258 Ultima
1567 2224 1728 2268 Dionysii

369 2268 493 2300 suntl'
497 2267 563 2300 ind
558 2269 632 2302 .·ui‹
636 2282 657 2302 ιι
682 2283 762 2304 cum
779 2271 976 2305 Platonicis
1000 2273 1251 2316 comparantis.
1287 2271 1467 2306 Sententia
1491 2274 1619 2314 poetae
1634 2271 1728 2303 haec

370 2312 495 2346 fuerit:
550 2316 719 2349 Thebanis
758 2319 931 2361 propitius
969 2319 1033 2355 sis
1081 2319 1159 2359 Sol,
1199 2318 1483 2351 lamentantibus.
1523 2316 1608 2348 πιίΙιί
1646 2326 1726 2348 vero

369 2359 457 2390 nihil
480 2361 684 2403 timendum,
711 2363 799 2405 quod
823 2376 895 2395 (um
919 2364 1086 2396 universis
1107 2364 1297 2408 perpetiar.
1355 2363 1419 2395 Vel
1453 2361 1629 2394 similiter.
1653 2361 1728 2393 To-

370 2407 446 2436 tum
470 2416 531 2437 cu
534 2417 614 2437 men
636 2408 795 2449 pluribus
818 2408 906 2442 locis
924 2408 1124 2441 etiamnunc
1142 2409 1307 2442 vitiatum
1326 2408 1468 2441 videtur
1485 2416 1573 2446 esse,
1598 2405 1627 2438 si
1642 2405 1727 2449 quid

371 2449 597 2483 tribuendum
627 2453 827 2485 testimonio
852 2453 1013 2487 Philonis
1042 2454 1168 2487 Iudaei
1201 2454 1245 2487 de
1279 2450 1507 2485 Providentia
1532 2451 1577 2489 Π,
1600 2450 1654 2483 80.
1692 2451 1728 2484 in

371 2495 541 2528 Armenia
574 2497 804 2531 translatione
834 2499 980 2532 servati.
1035 2500 1106 2533 Sed
1137 2500 1167 2532 is
1197 2500 1296 2531 locus
1327 2497 1430 2530 aliter
1455 2496 1500 2529 ab
1524 2477 1728 2541 Afghierio,

371 2540 475 2574 aliter
508 2542 553 2574 ab
584 2542 760 2587 Augerio.
794 2544 900 2577 aliter
923 2555 1043 2577 rursus
1080 2555 1101 2577 a
1134 2545 1173 2577 C.
1199 2545 1239 2576 F.
1264 2543 1476 2595 Neumanno
1501 2541 1629 2574 Latino
1662 2553 1727 2575 no-

371 2590 492 2620 strove
515 2598 679 2621 sermone
702 2588 839 2622 scilicet
861 2589 1019 2622 redditus
1043 2594 1107 2622 est.
1152 2588 1303 2634 Augerii
1326 2587 1527 2622 versionem
1547 2587 1728 2632 Bergkius

372 2631 556 2675 ascripsit.
589 2644 658 2678 ego
683 2644 878 2677 proponam
903 2617 1230 2668 Neumannianan:³
1243 2635 1289 2668 ad
1313 2634 1466 2668 verbnm
1491 2633 1535 2666 de
1556 2633 1726 2666 Armenio

369 2688 552 2720 sermone,
584 2685 621 2713 ut
653 2679 833 2723 affirmat,
868 2691 1074 2725 expressam
1105 2681 1140 2715 in
1174 2680 1371 2715 Annalibus
1401 2678 1725 2714 Litera1·.Beroli-
