1751 2986
247 97 336 125 Lxlv

247 192 447 237 mythicam
471 190 694 225 tractationis
719 193 860 233 partem
885 200 966 222 cum
991 188 1138 231 directa,
1167 198 1258 221 nunc
1277 187 1322 221 ad
1339 188 1432 221 hanc
1452 198 1543 220 nunc
1564 187 1609 220 ad

248 254 349 288 illam
372 253 531 295 rediens,
564 254 676 286 donee
706 261 930 283 communem
962 249 1174 284 sententiam
1204 254 1325 283 tenere
1350 249 1416 283 tibi
1440 249 1611 290 videam,

248 328 340 359 quae
358 316 534 349 ambabus
553 314 685 357 optime
707 312 907 345 conveniat.
941 313 1012 346 Sed
1030 311 1207 345 interdum
1226 311 1334 344 etiam
1356 310 1517 355 mythic-a
1536 312 1610 344 cla-

248 379 346 411 riora
370 381 470 417 suut,
503 380 539 409 ut
563 376 608 408 ab
632 375 690 407 his
713 374 855 407 initium
878 373 1000 406 facere
1035 373 1168 406 debeas
1192 372 1421 416 quaestionis.
1470 371 1530 404 Sic
1554 371 1610 405 01.

249 440 323 472 vll.
350 442 537 482 postquam
557 447 766 480 persuasum
785 435 876 468 mihi
901 439 978 468 erat
996 434 1128 467 fabulis
1147 434 1269 467 Rhodi
1293 433 1405 467 fatum
1429 437 1613 467 aeternum

251 513 270 534 e
295 500 486 533 decoribus
512 503 547 532 ct
572 498 752 531 erroribus
772 497 921 529 mixtum
947 496 1138 537 declarari,
1161 496 1272 529 facile
1287 495 1446 529 intellexi
1466 500 1612 539 propter

249 563 447 607 Diagoram
473 561 566 593 haec
593 559 662 592 dici
684 558 850 602 sensique
875 561 949 591 tum
987 559 1096 592 etiam
1120 558 1154 591 in
1181 558 1316 591 directa
1348 556 1508 590 oratione
1533 568 1613 589 cum

250 625 359 659 laude
391 622 635 656 defensionem
667 621 846 664 positam,
879 620 1020 654 laudari
1043 620 1307 661 fortitudinem,
1337 619 1467 664 negari
1490 630 1614 662 super-

250 687 350 720 biam
376 689 410 718 et
427 683 635 718 violentiam
658 683 692 716 in
719 694 761 716 eo
780 694 868 716 esse.
902 682 1079 716 Similiter
1093 682 1202 726 Pyth.
1218 682 1246 715 Ι.
1268 681 1329 726 qui
1343 681 1518 715 directam
1537 683 1615 714 lau-

252 749 334 781 dem
353 746 521 780 Hieronis
536 745 677 789 legerit,
696 756 804 787 quum
823 746 943 787 partes
960 743 1031 777 loci
1050 743 1127 776 fere
1147 742 1258 776 aliam
1277 754 1440 787 quaeque
1457 742 1616 787 speciem

251 810 423 851 habeant,
446 819 513 841 non
539 806 660 840 statim
682 805 857 839 invenerit
880 806 974 849 quod
1000 816 1186 837 commune
1207 804 1371 837 omnibus
1395 805 1529 845 subsit3
1554 803 1616 837 ubi

252 882 340 904 vero
364 870 399 903 in
426 869 601 914 principio
621 868 784 913 mythico
810 867 884 900 vim
903 867 1064 900 citharae
1084 866 1296 909 Apollineae
1320 866 1463 900 laudari
1487 865 1618 899 viderit

252 933 484 975 senseritque,
502 935 721 974 quantopere
737 931 879 973 placeat
902 929 1107 962 coniunctus
1133 940 1213 961 cum
1230 929 1417 962 maiestate
1436 928 1540 973 regia
1557 928 1617 961 Io-

255 994 307 1028 vis
331 999 365 1027 et
387 994 518 1027 Martis
539 991 672 1026 bellica
696 990 834 1024 ferocia
856 991 1011 1024 musices
1034 1001 1168 1032 senSuS,
1191 1001 1274 1023 mox
1300 990 1408 1024 etiam
1431 990 1467 1024 in
1485 990 1618 1024 Hiero-

260 1056 315 1089 nis
339 1057 445 1090 laude
460 1085 468 1099 ‚
505 1066 616 1098 quum
642 1057 796 1096 quatuor
819 1051 889 1086 loci
914 1052 1001 1093 siut,
1036 1051 1139 1084 binos
1162 1051 1339 1096 intelliget
1363 1050 1532 1095 coniungi
1555 1052 1617 1084 de-

254 1119 352 1151 bere.
401 1117 482 1160 Qua
506 1128 545 1149 re
569 1117 683 1148 semel
708 1118 895 1158 perspecta
919 1113 1027 1147 facile
1053 1118 1105 1147 est
1130 1118 1250 1147 cetera
1275 1113 1478 1146 conciliare.
1515 1113 1619 1156 Quod

255 1180 351 1213 enim
374 1179 408 1213 in
434 1178 599 1223 mythica
623 1180 725 1220 parte
751 1176 905 1209 musices
928 1174 984 1208 vis
1005 1174 1163 1207 maxime
1189 1176 1392 1216 extollitur,
1417 1175 1619 1209 necessario

256 1241 391 1274 factum
417 1244 569 1284 apparet
586 1237 810 1272 tractationis
834 1235 998 1279 poeticae
1024 1247 1152 1279 eausa,
1176 1240 1215 1269 ut
1245 1236 1407 1279 saepius,
1439 1235 1502 1268 ubi
1527 1236 1619 1269 duae

254 1314 311 1336 res
333 1303 430 1346 paris
454 1300 638 1347 dignitatis
662 1302 939 1342 componuntur,
975 1299 1187 1330 alterutrum
1222 1298 1365 1341 poesios
1387 1297 1479 1330 ratio
1502 1297 1621 1342 magis

255 1363 378 1397 extolli
401 1363 511 1405 iubet,
535 1365 658 1406 utpote
683 1359 920 1405 praeferentis
945 1360 1040 1403 quod
1066 1364 1231 1393 ornatum
1255 1359 1431 1392 maiorem
1457 1359 1622 1394 admittat

255 1426 313 1458 vel
340 1424 413 1458 alia
442 1423 487 1457 de
521 1434 630 1457 causa
655 1423 772 1467 aptius
795 1423 851 1456 sit.
911 1421 1088 1454 Similiter
1110 1420 1214 1454 Nem.
1238 1421 1307 1463 vl„
1338 1421 1402 1454 ubi
1424 1421 1620 1455 similitudo

256 1489 291 1519 et
316 1485 568 1519 dissimilitudo
588 1486 777 1519 hominum
802 1488 836 1518 et
856 1485 1005 1517 deorum
1030 1482 1064 1515 in
1083 1482 1268 1526 prooemio
1290 1483 1449 1526 docetur,
1473 1484 1622 1528 gravius

256 1548 299 1581 de
333 1546 620 1581 dissimilitudine
654 1545 784 1578 dicitur
816 1547 1018 1588 postulante
1049 1544 1236 1589 religionis
1265 1545 1415 1578 ratione.
1484 1545 1556 1579 Sed
1586 1545 1621 1579 in

257 1609 387 1643 talibus
413 1608 604 1651 prudenter
628 1618 755 1640 curare
780 1608 871 1640 solet
889 1607 1078 1645 Pindarus,
1103 1619 1146 1640 ne
1172 1607 1324 1648 fallaris,
1348 1606 1378 1639 si
1402 1608 1621 1650 responden-

257 1675 330 1705 tem
355 1672 476 1704 loeum
494 1680 693 1713 compares.
725 1669 818 1703 'Nam
836 1669 944 1712 Pyth.
965 1670 992 1702 1.
1017 1668 1051 1701 in
1066 1668 1234 1702 Hieronis
1252 1669 1358 1702 laude
1374 1674 1499 1703 contra
1516 1681 1621 1713 proe-

258 1733 307 1767 lia
326 1731 540 1766 luculentius
564 1732 767 1772 laudantur,
792 1731 1095 1774 quemadmodum
1117 1730 1219 1763 Nem.
1236 1731 1292 1763 vl.
1318 1730 1353 1763 in
1375 1730 1495 1764 media
1520 1735 1622 1775 parte

258 1793 478 1838 praestantia
498 1792 731 1826 Bassidarum
754 1792 963 1837 singulai·iS‚
999 1796 1036 1825 ut
1061 1795 1330 1835 compensatum
1355 1793 1482 1826 videas
1508 1795 1621 1826 altero

260 1859 424 1898 alterum,
449 1866 660 1898 summaque
677 1855 853 1888 sententia
876 1853 1015 1898 pariter
1033 1854 1184 1897 proponi
1203 1856 1401 1899 cognoscas
1416 1859 1622 1899 utrumque.

258 1919 363 1952 Patet
387 1930 430 1951 ex
454 1917 512 1950 his
529 1915 715 1959 exemplis,
739 1915 917 1958 quomodo
936 1917 1206 1960 comparatione
1228 1916 1385 1960 partium
1408 1917 1572 1950 eliciatur
1589 1922 1624 1951 et

259 1979 453 2013 definiatur
475 1989 617 2012 summa
635 1977 826 2020 sententia,
858 1989 924 2011 nec
948 1977 1014 2011 nisi
1039 1978 1201 2012 omnibus
1226 1978 1312 2012 satis
1335 1978 1426 2012 bene
1451 1978 1623 2012 eoncilia—

259 2042 304 2076 tis
327 2042 399 2075 dici
422 2052 526 2085 posse
559 2044 784 2085 perspectam
819 2044 947 2083 poetae
970 2044 1139 2074 mentem.
1198 2041 1321 2084 Quum
1347 2039 1457 2085 igitur
1481 2051 1623 2073 sensum

260 2107 296 2137 ct
319 2103 494 2136 rationem
520 2103 720 2136 carminum
749 2102 974 2146 aliorumque
1006 2114 1156 2147 operum
1188 2102 1255 2136 nisi
1279 2113 1420 2136 summa
1450 2102 1625 2136 sententia

260 2165 441 2208 patefacta
461 2164 604 2207 assequi
622 2169 719 2199 recte
735 2176 804 2198 non
823 2165 943 2207 liceat,
969 2176 1030 2198 eos
1044 2164 1145 2198 vides
1165 2175 1387 2210 magnopere
1406 2175 1541 2206 errare,
1565 2164 1625 2208 qui

260 2226 294 2259 in
319 2225 557 2269 explicatione
590 2230 753 2261 veterum
786 2231 847 2261 aut
878 2226 1104 2271 negligenter
1143 2230 1205 2259 aut
1231 2225 1375 2259 omniuo
1407 2237 1475 2258 non
1500 2228 1626 2259 curant

260 2288 354 2321 hanc
378 2288 641 2331 quaestionem,
668 2289 840 2330 contenti,
874 2289 904 2321 si
928 2288 1096 2322 transitus
1121 2287 1355 2331 explicuerint
1378 2288 1425 2320 ab
1451 2298 1520 2320 uno
1544 2289 1624 2321 loco

261 2350 307 2383 ad
332 2351 495 2383 alterum.
543 2348 711 2382 Profecto
736 2360 803 2382 non
830 2361 893 2392 per
917 2349 1192 2382 associationem
1215 2348 1390 2391 idearum,
1416 2359 1511 2391 quae
1535 2349 1623 2382 dici—

260 2414 329 2451 tur,
353 2409 522 2443 exsistere
549 2413 664 2452 potest
686 2411 875 2444 classicum
900 2403 1008 2453 opus,
1034 2414 1070 2443 ut
1093 2414 1173 2443 suut
1196 2410 1256 2453 qui
1284 2410 1424 2453 opinari
1449 2411 1624 2455 videntur,

260 2472 323 2505 sed
348 2471 489 2504 invento
515 2470 661 2503 demum
686 2472 845 2504 themate
870 2474 904 2504 et
927 2470 1159 2505 fundamento
1179 2472 1332 2505 elocutio
1355 2473 1476 2505 locum
1501 2473 1625 2515 habet,

261 2546 325 2567 nec
349 2532 497 2566 dubium
516 2532 723 2574 Pindarum,
749 2537 940 2575 antequam
965 2533 1052 2566 illud
1078 2533 1280 2577 invenisset,
1303 2545 1347 2566 ne
1371 2534 1522 2567 verbum
1547 2533 1624 2576 qui-

261 2596 343 2629 dem
358 2594 516 2629 seribere
535 2593 701 2638 potuisse,
727 2594 817 2628 adeo
836 2598 1038 2630 constanter
1056 2606 1119 2639 per
1140 2599 1252 2629 totum
1275 2607 1419 2630 carmen
1437 2596 1624 2631 obversari
