1794 2982
349 112 432 153 338
831 106 1189 146 EXCURSUS
1227 106 1256 145 I.

354 216 506 252 accessit
529 213 681 256 ὁπλίτης
703 224 731 244 s.
758 209 919 246 ὁπλιτῶν
944 209 1099 257 δρόμος,
1132 211 1242 244 etiam
1269 206 1384 244 ὅπλον
1407 210 1522 244 dictus
1544 212 1723 246 Pausa-

354 279 480 318 niae,
506 275 566 319 qui
589 276 754 317 receptus
778 272 835 306 Ol.
861 272 917 306 65.
944 274 1139 306 secundum
1163 274 1316 306 Pausan.
1347 276 1383 306 et
1406 274 1539 306 Euseb.
1585 275 1640 307 De
1664 285 1724 308 ar-

358 338 427 372 mis
459 336 614 369 diximus
653 334 699 367 ad
731 334 840 378 Pyth.
874 335 936 367 lx.
970 334 1045 367 init.
1107 335 1254 368 Videtur
1288 338 1408 377 autem
1449 335 1580 378 duplex
1611 346 1726 379 genus

358 399 485 437 fuisse3
512 400 608 430 certe
635 395 922 428 Heliodorus
946 395 1112 439 Aethiop.
1138 397 1194 429 lv.
1231 395 1303 429 init.
1330 396 1436 429 stadii
1461 399 1619 429 armatos
1644 408 1726 429 cur—

359 471 457 494 sores
481 457 634 501 Delphis
658 461 859 498 memorat,
883 458 974 490 alias
1000 458 1150 497 δίαυλος
1174 459 1361 498 laudatur3
1388 457 1433 491 cf.
1458 457 1658 490 Pausan.
1680 457 1726 499 X,

358 521 415 564 34,
441 521 475 554 2.
502 519 747 562 Aristoph.
772 518 837 551 ΛΨ.
863 517 942 552 293.
965 518 1086 561 ibique
1109 521 1231 553 Schol.
1279 521 1394 562 Atque
1418 519 1511 551 haec
1534 519 1727 559 hactenus3

362 583 451 617 dixit
482 583 526 615 de
558 581 720 614 cursibus
752 584 830 623 post
864 579 955 612 alios
992 592 1107 624 nuper
1138 581 1347 625 Philipp.
1389 580 1425 613 in
1457 580 1643 613 Dissertat.
1682 581 1727 614 de

361 644 552 677 Pentathlo
587 654 621 685 p.
647 640 692 674 (io
715 651 813 683 seqq.
850 641 1006 674 Berolin.
1032 641 1134 675 1827.
1193 642 1299 675 Vides
1322 643 1436 674 multa
1462 653 1598 686 genera
1620 653 1728 674 usur-

361 710 466 749 pata3
492 703 607 748 potuit
633 702 755 747 igitur,
780 689 896 745 primo
922 702 979 735 die
1005 715 1113 746 quum
1139 701 1291 737 cnidum
1317 707 1420 745 esset,
1435 704 1592 736 secundo
1617 701 1729 737 διαύ-

362 771 427 802 λου
453 765 588 811 δρόμος
614 777 710 806 esse‚
743 764 847 797 tertio
881 763 1044 807 δόλιχος,
1075 769 1201 808 quarto
1231 763 1383 808 ὁπλίτης
1418 762 1574 809 δρόμος,
1607 764 1730 808 quinto

361 830 507 863 παίδων
533 826 686 873 δρόμος,
723 826 752 859 si
777 830 896 859 autem
921 827 1030 860 etiam
1066 826 1196 860 ἵππιον
1220 825 1358 871 δρόμον
1384 826 1555 870 Olympia
1589 827 1730 869 habuit,

364 890 480 934 primo
505 889 563 922 die
587 887 741 921 στάδιον
774 892 808 921 et
841 887 994 922 διαύλου
1022 887 1158 933 δρόμος
1182 900 1258 921 esse
1283 888 1398 931 potuit
1433 889 1493 921 vel
1519 888 1620 921 alius.
1668 887 1730 922 Sic

362 951 562 986 Thessalus
588 949 792 983 Corinthius
817 949 941 982 Pind.
973 950 1029 983 Ol.
1054 949 1153 991 XIII,
1177 950 1234 983 37.
1260 949 1412 993 Delphis
1434 960 1506 982 uno
1531 950 1589 982 die
1613 950 1729 983 stadio

364 1017 399 1046 et
423 1013 543 1045 diaulo
570 1011 671 1052 vicit,
698 1021 904 1053 quanquam
928 1012 1018 1044 alios
1042 1013 1145 1044 ludos
1169 1023 1238 1044 non
1261 1022 1454 1054 comparo,
1491 1022 1642 1053 quorum
1665 1022 1731 1044 nec

365 1074 440 1107 dies
466 1078 552 1116 quot
577 1073 711 1105 fuerint
741 1073 872 1104 scimus
897 1083 962 1104 nec
987 1083 1078 1114 quae
1113 1072 1305 1115 descriptio
1324 1071 1585 1113 certaminum,
1624 1076 1664 1105 ut
1687 1084 1731 1105 ex

365 1135 499 1169 talibus
532 1133 622 1166 nihil
660 1133 706 1165 ad
738 1132 961 1175 propositam
995 1133 1238 1176 quaestionem
1280 1133 1371 1166 disci
1405 1132 1527 1176 possit.
1587 1133 1658 1167 Sed
1694 1134 1731 1167 in

367 1195 541 1241 Olympia
565 1194 761 1227 secundum
786 1193 978 1226 Pausan.
1003 1195 1063 1235 VI,
1088 1195 1144 1235 13,
1167 1194 1201 1226 2.
1226 1195 1360 1227 Polites
1384 1194 1439 1226 Ol.
1458 1193 1537 1227 212.
1563 1193 1637 1228 οἷπὸ
1663 1198 1733 1228 τοῦ

363 1260 542 1303 μηκίστου
568 1255 631 1289 καὶ
657 1254 922 1299 διαρκεστάτου
954 1251 999 1288 δι’
1026 1253 1211 1298 ὀλιγίστου
1237 1254 1283 1298 δὴ
1307 1255 1439 1300 καιροῦ
1468 1255 1731 1301 μεθηρμόσατο

365 1319 425 1354 ἐπὶ
450 1319 492 1356 τὸ
519 1315 753 1363 βραχύτατον
786 1313 883 1358 ὁμοῦ
906 1315 968 1349 καὶ
994 1313 1169 1355 ὤκιστον,
1203 1315 1267 1350 καὶ
1301 1317 1449 1359 δολίχου
1481 1329 1520 1360 γε
1546 1315 1585 1351 ἐν
1614 1316 1733 1364 ἡμέρα

368 1382 415 1424 τῇ
441 1376 538 1424 αὐτῇ
570 1378 632 1412 καὶ
665 1378 879 1422 παραυτίκα
904 1378 1058 1412 σταδίου
1085 1377 1209 1423 λαβὼν
1232 1379 1355 1420 νίκην,
1386 1378 1595 1423 προςέθηκε
1625 1379 1731 1416 διαύ-

364 1446 430 1477 λου
465 1442 569 1484 σφίσι
602 1438 670 1483 τὴν
702 1441 840 1484 τρίτην.
900 1441 1003 1483 Quae
1035 1440 1185 1473 sirecte
1210 1440 1389 1484 intelligo,
1425 1441 1556 1474 Polites
1580 1453 1650 1475 uno
1675 1442 1733 1476 die

365 1505 500 1538 dolichi
527 1508 562 1537 et
586 1501 690 1536 stadii
717 1501 905 1534 victoriam
929 1502 1028 1543 tulit,
1053 1503 1208 1535 secundo
1234 1503 1345 1535 diauli
1370 1503 1491 1535 etiam.
1539 1504 1734 1549 Singulare

367 1577 452 1599 vero
488 1568 559 1606 est,
594 1564 687 1607 quod
719 1566 795 1595 tum
831 1562 976 1595 dolicho
1007 1564 1184 1607 primum⁷
1224 1565 1351 1598 deinde
1387 1565 1504 1598 stadio
1539 1570 1732 1605 certatum3

367 1629 478 1671 vulgo
519 1626 614 1658 enim
656 1636 726 1658 non
771 1624 920 1657 dubium
961 1629 1014 1657 est
1051 1625 1157 1658 stadii
1204 1630 1385 1659 certamen
1426 1626 1580 1670 primum
1622 1628 1734 1661 fuisse

367 1688 538 1721 omnium.
587 1687 659 1719 Sed
683 1689 913 1718 mutaverant
937 1687 1007 1719 hoc
1031 1688 1289 1721 Hellanodicae
1331 1689 1400 1721 ista
1425 1689 1642 1732 Olympiade
1665 1690 1734 1723 ali-

368 1760 441 1793 qua
465 1749 509 1781 de
535 1758 664 1788 causa,
700 1748 1001 1789 quemadmodum
1026 1749 1135 1781 etiam
1168 1750 1258 1782 alias
1283 1749 1319 1782 in
1351 1754 1472 1783 cetero
1506 1751 1629 1784 ordine
1654 1763 1734 1784 cur—

366 1821 471 1843 suum
495 1809 576 1842 fieri
603 1809 734 1852 potuit3
759 1820 875 1851 neque
900 1810 1056 1842 arbitror
1080 1811 1241 1854 singulos
1265 1811 1340 1843 dies
1364 1811 1399 1843 in
1424 1816 1638 1855 perpetuum
1660 1813 1736 1847 fixa

368 1881 537 1904 cursuum
561 1880 696 1914 genera
720 1869 909 1911 habuisse,
943 1875 982 1904 ut
1012 1875 1153 1904 mutare
1176 1872 1268 1905 nihil
1296 1872 1439 1906 licuerit
1473 1885 1538 1917 pro
1561 1874 1736 1918 tempor'is

367 1936 403 1966 et
427 1935 648 1964 certatorum
670 1930 822 1964 ratione.
872 1932 993 1974 Quare
1017 1932 1128 1966 etiam
1161 1933 1191 1966 si
1217 1933 1296 1976 quis
1319 1934 1459 1967 Politen
1485 1946 1555 1968 uno
1581 1937 1638 1970 die
1663 1940 1736 1970 tres

366 1993 538 2028 victorias
571 2003 695 2025 cursus
728 1998 933 2035 reportasse
969 1995 1176 2036 contendat,
1208 2007 1277 2028 non
1305 1996 1448 2041 negabo
1485 1997 1643 2040 potuisse
1666 1998 1735 2032 ista

368 2054 512 2098 quidem
537 2053 755 2097 Olympiade
787 2053 838 2087 ita
868 2054 1005 2088 factum
1038 2067 1125 2089 esse.
1182 2056 1234 2089 Ac
1269 2057 1312 2089 de
1348 2068 1451 2090 cursu
1475 2059 1562 2092 satis
1586 2061 1734 2093 dictum.

365 2115 450 2148 Fuit
475 2126 582 2158 porro
608 2117 740 2149 lucta
763 2115 923 2148 virorum
950 2120 985 2149 et
1008 2128 1222 2160 puerorum,
1248 2122 1283 2151 et
1306 2119 1399 2152 haec
1424 2120 1569 2162 quidem
1595 2121 1652 2155 Ol.
1677 2121 1733 2156 37.

367 2176 483 2209 ascita
513 2180 603 2210 teste
627 2177 809 2210 Pausania
843 2182 878 2211 et
901 2178 968 2211 Iul.
991 2179 1180 2221 Africano,
1216 2180 1453 2223 similiterque
1486 2183 1736 2228 pugilatus

368 2237 529 2271 virorum
555 2242 590 2271 et
613 2241 828 2282 puerorum,
860 2239 918 2272 his
942 2240 997 2273 Ol.
1023 2240 1080 2272 41.
1110 2241 1268 2285 primum
1300 2242 1510 2275 introductis
1541 2246 1735 2278 secundum

370 2297 527 2331 Pausan.
561 2304 596 2332 et
628 2300 760 2332 Euseb.
825 2300 951 2334 Obiter
989 2313 1119 2335 moneo
1154 2315 1284 2347 pueros
1322 2305 1435 2338 dictos
1466 2304 1557 2337 alios
1591 2307 1736 2349 proprie

368 2359 528 2399 παῖδας,
560 2360 651 2392 alios
682 2359 890 2402 ἀγενείους,
917 2364 1131 2405 adultiores3
1165 2377 1280 2409 neque
1303 2370 1423 2399 tamen
1446 2366 1593 2398 Pindari
1617 2372 1735 2401 aetate

368 2419 439 2452 hoc
471 2419 662 2453 discrimen
686 2424 833 2456 παίδων
865 2429 901 2458 et
927 2421 1102 2468 ἀγενείων
1137 2426 1212 2460 iam
1246 2427 1442 2460 obtinuisse
1465 2427 1735 2461 Boeckhius

370 2478 505 2514 iudicat
534 2481 570 2514 in
595 2482 702 2525 Corp.
727 2484 888 2528 Inscript.
927 2487 1003 2520 Vol.
1026 2488 1053 2520 Ι.
1086 2488 1189 2520 Fasc.
1216 2488 1261 2520 11.
1296 2499 1330 2530 p.
1355 2487 1436 2520 335.
1486 2489 1583 2531 Iam,
1610 2494 1649 2522 ut
1673 2502 1734 2523 ce-

370 2544 448 2575 tera
472 2554 678 2587 persequar,
702 2546 892 2588 probabile
915 2548 1007 2581 mihi
1032 2552 1085 2581 est
1108 2552 1248 2591 partem
1271 2550 1488 2582 luctatorum
1513 2555 1548 2584 et
1570 2553 1734 2596 pugilum

373 2603 490 2646 primo
514 2605 572 2638 die
606 2609 773 2647 certasse,
800 2612 940 2651 partem
965 2610 1136 2651 secundo,
1171 2621 1278 2653 quum
1301 2612 1513 2656 plerumque
1536 2624 1604 2647 non
1629 2615 1735 2658 pauci

369 2669 487 2699 essent
510 2670 723 2709 certatores,
755 2669 860 2703 tertio
886 2681 971 2704 vero
995 2671 1152 2705 victores
1176 2684 1256 2706 cum
1282 2670 1442 2719 ἐφέδρῳ,
1469 2678 1531 2709 aut
1553 2678 1664 2719 solos,
1682 2690 1685 2691 ⁷
1703 2676 1734 2710 si
