1794 2982
532 192 881 233 EXCURSUS
920 192 974 234 11.
1128 224 1134 230 .
1353 193 1435 233 347

78 298 153 335 alia
175 297 339 343 quaestio
363 301 417 333 est
438 299 482 332 de
499 298 691 339 omissione
713 298 912 343 particulae
937 296 980 333 δέ
1003 297 1038 331 in
1053 297 1287 342 oppositione.
1332 298 1438 333 Viam

78 365 252 395 monstret
281 362 383 395 locus
414 360 678 405 pulcherrimus
721 360 930 404 Fragment.
963 360 1211 404 Hyporchem.
1244 361 1321 394 1112?
1344 358 1435 395 ‘Aah

79 421 287 466 Ταϋγέτοιο
318 419 385 465 μὲν
408 419 602 456 Λᾶὁιαιναν
636 420 696 455 ἐπὶ
728 421 841 466 θηρσὶ
874 420 969 456 κύνα
1001 421 1149 466 τρέφειν
1178 421 1437 456 πυκινώτατοὸ

76 482 250 529 ἑρπετόν·
286 483 446 529 Σκύριαι
479 480 512 518 δ’
536 482 573 523 ἐς
596 481 743 526 ἄμελξιν
765 482 921 527 γλάγους
944 481 1045 527 αἶγες
1068 481 1307 526 ἐξοχώταται·
1339 480 1437 518 ὅπλα

75 542 110 580 δ’
135 542 374 590 ἅπ”Ἀργεος·
412 542 511 590 ἅρμα
538 545 719 590 Θηβαῖον·
748 543 824 580 ἄλλ’
847 542 922 579 ἀπὸ
947 546 1013 584 τοῖς
1038 543 1301 589 ἀγλαοκάρπου
1326 546 1436 579 Σικε-

75 604 299 650 λίας.ὅχημα
322 605 522 640 δαιδάλεον
540 605 723 649 ματεύειν.
773 607 998 651 [Con-ectum
1022 607 1204 651 apposui-J
1253 608 1334 650 Quo
1357 607 1436 641 iure

74 667 136 701 hic
160 671 240 711 post
266 665 366 712 ἅρμα
389 668 605 710 particulam
630 667 671 702 δέ
693 668 841 702 omisit?
895 670 1082 702 Illustrare
1106 671 1184 702 vult
1216 669 1353 702 rhedae
1377 668 1436 704 Si-

76 728 179 760 culae
203 729 482 770 praestantiam3
507 733 697 772 postquam
721 730 832 775 igitur
855 731 928 764 alia
944 730 1176 763 dissimiliora
1198 731 1435 774 comparavit,

75 788 123 821 ad
145 788 312 822 ultimam
335 790 642 833 comparationem
666 793 852 833 accedens,
878 803 970 835 quae
993 792 1156 835 proxime
1179 803 1330 835 scopum
1353 796 1434 826 tan-

74 849 129 895 git
151 852 187 883 et
211 851 258 883 ad
283 851 399 894 ipsam
422 862 501 884 rem
524 852 714 885 transitum
739 856 853 896 parat,
879 854 1004 896 pulcre
1028 853 1212 896 abrumpit
1236 854 1435 887 orationem

75 914 111 944 et
137 912 239 954 quasi
262 923 395 946 novam
426 916 565 956 partem
590 913 659 946 loci
683 914 794 956 ponit.
852 914 1030 946 Discimus
1053 913 1158 955 hinc,
1193 915 1369 957 quomodo
1393 915 1435 950 δέ

75 972 239 1005 omittere
262 973 381 1006 liceat.
426 973 506 1006 Non
530 977 646 1017 potest
670 974 797 1014 omitti,
823 975 943 1016 credo,
970 975 1026 1008 Ol.
1047 976 1105 1017 Xl,
1130 975 1199 1017 710,
1222 976 1297 1017 ubi,
1323 988 1435 1019 quum

73 1038 180 1078 poeta
204 1037 389 1067 enumeret
411 1035 547 1077 primos
569 1035 724 1068 victores
749 1034 965 1079 Olympiae,
990 1036 1049 1077 qui
1073 1047 1200 1077 cursu,
1223 1039 1341 1079 lucta,
1366 1050 1435 1082 pu-

73 1096 202 1141 gilatu,
227 1107 347 1137 curru,
371 1096 522 1139 denique
545 1097 655 1130 iaculi
678 1097 838 1140 discique
861 1097 956 1130 iactu
981 1098 1144 1139 vicerint,
1169 1098 1298 1132 idonea
1326 1110 1435 1134 causa

73 1158 173 1191 nulla
189 1161 253 1199 est,
275 1168 385 1200 quare
402 1157 567 1191 ultimum
583 1169 696 1203 genus
720 1169 742 1191 a
758 1158 886 1191 ceteris
901 1159 1083 1202 Asyndcto
1100 1164 1300 1203 separetur.
1331 1161 1434 1195 Alius

74 1219 173 1252 locus
198 1222 251 1252 est
267 1219 372 1263 Pyth.
392 1219 450 1260 lv,
468 1219 560 1261 179„
583 1220 646 1253 ubi
670 1221 705 1253 in
721 1232 870 1254 recensu
883 1221 1173 1264 Argonautarum
1190 1225 1372 1265 postremo
1388 1223 1434 1256 de

73 1280 234 1325 Pangaei
261 1280 395 1313 accolis
410 1281 586 1314 Boreadis
601 1281 739 1315 dicitur.
775 1282 1045 1316 Boeckhius
1070 1286 1149 1326 post
1171 1282 1308 1326 ταχέως
1334 1284 1434 1318 dele-

73 1341 126 1374 vit
141 1340 185 1383 δ’,
207 1345 245 1375 ut
260 1342 296 1374 in
311 1342 382 1375 fine
398 1353 534 1384 verme,
544 1346 651 1386 atque
671 1355 739 1388 ego
752 1344 786 1377 in
800 1345 1065 1378 Commentario
1084 1348 1230 1388 propter
1248 1346 1435 1390 gradatio-

73 1414 155 1436 nem
177 1404 358 1447 quandam
381 1405 577 1438 sentcntiae
592 1405 796 1448 Asyndeton
820 1406 892 1439 dixi
917 1406 1114 1440 admissum
1136 1406 1262 1440 videri.
1294 1408 1433 1441 Tamen

73 1476 166 1497 nune
197 1465 319 1498 dubito
345 1465 589 1500 defensionem
619 1467 811 1508 sufficere3
844 1469 1047 1513 Asyndeton
1070 1469 1294 1502 incommode
1323 1469 1434 1502 finem

73 1526 146 1560 loci
168 1531 314 1570 separat
344 1531 380 1560 et
402 1527 542 1561 divellit
574 1529 620 1561 ab
654 1531 956 1563 antecedentibus.
1011 1531 1085 1564 Nec
1123 1532 1238 1565 omitti
1263 1542 1367 1575 posse
1392 1528 1435 1566 δέ

73 1588 181 1621 credo
199 1588 255 1622 01.
269 1588 326 1630 Vl,
343 1587 405 1622 74:
430 1590 617 1635 τεκμαίρει
639 1587 744 1634 χρῆμ’
767 1590 933 1632 ἕκαστον,
957 1593 1083 1635 μῶμος
1104 1591 1141 1626 ἐκ
1158 1590 1189 1626 δ’
1209 1592 1328 1626 ἄλλων
1349 1591 1433 1637 κρέ-

70 1662 186 1694 μαται
217 1649 481 1692 φθονεόντων,
513 1651 598 1694 quia
627 1653 782 1685 secunda
806 1664 890 1695 pars
924 1653 995 1686 loci
1019 1654 1069 1686 ita
1101 1654 1267 1697 apposita
1292 1657 1345 1687 est
1369 1665 1432 1687 an—

72 1712 269 1754 tecedenti,
299 1715 338 1745 ut
370 1723 437 1745 non
462 1724 567 1756 posse
591 1713 751 1756 separari
775 1714 952 1746 videatur.
1006 1715 1184 1757 Pmbant,
1211 1715 1280 1756 ait,
1314 1719 1435 1749 nostra

70 1773 231 1817 ipsorum
254 1773 364 1814 facta,
389 1775 514 1816 quales
536 1775 666 1816 simus3
690 1776 903 1809 obtrectatio
917 1787 1004 1809 vero
1031 1778 1076 1809 ab
1102 1777 1183 1810 aliis
1207 1777 1318 1810 oritur
1342 1777 1434 1811 invi-

71 1834 247 1868 dentibus.
295 1834 433 1869 Similis
456 1847 576 1878 causa,
601 1848 710 1879 quare
735 1837 792 1870 Ol.
818 1838 880 1877 lx,
904 1837 981 1869 103.
1008 1839 1221 1880 particulam
1245 1839 1434 1872 restituen-

72 1897 155 1930 dam
184 1896 352 1930 iudicem.
385 1897 456 1930 Sed
481 1898 553 1930 alia
576 1909 633 1931 res
657 1902 710 1930 est
731 1898 862 1939 0151,
880 1897 935 1930 72.
967 1899 1021 1931 lbi
1047 1900 1091 1931 de
1116 1900 1332 1934 vaticinandi
1357 1904 1434 1934 arte

71 1956 220 1990 lamidis
243 1958 376 1990 tributa
400 1958 445 1990 ab
469 1958 634 2000 Apolline
658 1960 823 2001 loquutus
848 1959 1004 2002 primum
1029 1961 1147 1993 addit:
1187 1960 1224 2003 ἐξ
1248 1955 1292 1995 οὗ
1316 1960 1436 1995 πολύ-

71 2020 214 2052 κλειτον
244 2016 331 2052 καθ’
356 2014 536 2057 ’Ἕλλανας
573 2018 677 2061 γένος
708 2016 899 2062 Ἰαμιδᾶν,
940 2025 1014 2054 tum
1051 2021 1190 2066 pergit:
1234 2018 1341 2067 ὄλβος
1372 2018 1434 2066 ἅμ’

73 2078 215 2115 ἕσπετο.
262 2080 559 2113 Hermannus
591 2081 733 2123 quidem
771 2094 851 2114 cum
877 2082 1036 2115 Scholiis
1060 2083 1194 2128 iungit:
1232 2082 1269 2125 ἐξ
1294 2078 1339 2118 οὗ
1361 2096 1436 2118 πο-

72 2140 259 2175 λύκλειτον
291 2138 380 2175 καθ’
403 2139 584 2181 ’Έλλανας
611 2142 716 2185 γένος
747 2142 910 2186 Ἰαμιδᾶν
941 2142 1049 2188 ὄλβος
1088 2142 1150 2188 ἅμ’
1181 2144 1328 2188 ἕσπετο,
1371 2147 1434 2179 scd

72 2203 194 2237 ieiuna
226 2202 340 2236 oratio
377 2206 429 2236 est
464 2207 499 2236 ct
532 2215 600 2236 non
624 2205 815 2238 Pindarica
846 2210 993 2249 propter
1025 2208 1159 2240 verba:
1195 2207 1435 2244 πολύκλειτον

73 2263 162 2299 καθ’
177 2262 369 2305 ““Ἐλλανας,
396 2276 487 2297 nunc
512 2267 606 2298 male
632 2266 853 2310 interposita.
898 2268 1015 2311 Igitur
1039 2269 1108 2301 duo
1133 2273 1212 2303 sunt
1236 2272 1326 2304 cola.
1364 2271 1436 2304 Cur

74 2330 195 2361 autem
222 2325 263 2361 δέ
289 2325 436 2359 omisit?
491 2327 602 2369 Quia,
628 2329 754 2368 credo,
780 2329 911 2361 verba:
951 2327 1058 2374 ὄλβος
1088 2326 1148 2373 ἅμ’
1183 2328 1329 2375 ἕσπετο,
1367 2342 1436 2364 non

74 2388 126 2421 sic
149 2388 315 2422 adiuncta
338 2388 454 2421 voluit
486 2390 794 2430 antecedentilnm,
832 2394 869 2423 ut
900 2391 990 2424 nihil
1014 2391 1080 2424 nisi
1114 2392 1275 2426 clausula
1306 2393 1437 2427 horum

75 2452 209 2490 essent,
245 2450 308 2482 scd
342 2449 457 2483 voluit
489 2462 532 2483 ca
563 2452 668 2484 simul
704 2451 839 2484 initium
876 2456 910 2485 et
934 2452 1147 2496 principium
1181 2465 1259 2487 esse
1284 2465 1436 2498 sequen-

73 2508 163 2542 tium
197 2510 437 2553 conspicuum.
502 2511 594 2544 Nam
632 2518 773 2555 practer
804 2512 953 2546 virtutes
982 2514 1157 2547 Pindarus
1188 2516 1297 2549 etiam
1328 2513 1438 2560 ὄλβον

76 2570 296 2603 Iamidarum
322 2577 356 2605 et
379 2572 535 2617 Agesiae
560 2573 595 2606 in
621 2574 683 2607 illo
719 2574 877 2608 carmine
901 2576 1044 2615 laudat3
1081 2587 1162 2608 cum
1192 2576 1263 2608 hoc
1287 2577 1439 2612 certavit

75 2632 229 2676 Agesias
253 2633 288 2665 in
315 2633 485 2677 Olympia
507 2639 542 2668 et
565 2647 655 2667 nunc
680 2637 867 2678 splendida
891 2637 1045 2680 epinicia
1069 2637 1239 2680 celebrat,
1264 2650 1343 2672 cum
1368 2640 1439 2673 hoc

74 2692 252 2726 illustrem
276 2693 368 2727 inter
394 2695 491 2728 cives
514 2697 762 2740 Syracusanos
785 2699 906 2731 locum
931 2702 1101 2742 occupat3
1134 2698 1196 2732 hic
1219 2703 1258 2734 ut
1282 2706 1439 2743 maneat,

76 2757 177 2799 optat
198 2754 236 2789 in
258 2755 343 2790 fine.
393 2757 535 2790 Harum
558 2757 671 2803 igitur
694 2758 853 2793 omnium
877 2771 999 2794 rerum
1022 2760 1058 2794 in
1081 2761 1256 2806 principio
1281 2766 1378 2798 recte
1403 2766 1440 2798 et
