1751 2986
502 150 800 192 OLYMPIA
847 150 981 191 vlu.
1371 154 1423 193 51

95 261 158 306 55
193 255 255 320 μὴ
288 255 454 318 βαλέτω
487 276 538 318 με
573 259 688 342 λίθῳ
723 263 874 320 τραχεῖ
903 258 1106 319 φθόνος·

194 325 270 371 καὶ
306 324 455 389 Νεμέα
489 322 573 386 γάρ
610 324 732 387 ὁμῶς

196 391 301 476 ἐρέω
335 391 500 440 ταύταν
533 392 674 454 χάριν,
1379 404 1417 435 15

190 457 271 507 τᾶν
305 458 344 505 6³
375 458 500 507 ἔπειτ’
535 459 708 523 ανδρων
741 460 882 522 μάχαν

193 629 240 676 ἐκ
273 630 559 691 παγκρατίου.
606 625 656 673 τὸ
691 624 957 681 διδάξασθαι
992 628 1041 674 δέ
1073 646 1140 675 τοι

92 700 156 746 60
192 696 325 743 εἰδότι
359 695 564 760 ῥᾴτερον·
611 693 812 756 ἄγνωμον
846 696 892 741 δὲ
927 692 977 741 τὸ
1011 694 1072 759 μή
1106 701 1381 757 προμαθεῖν·

189 763 462 825 κουφότεραι
494 760 577 824 γάρ
613 760 858 821 άπειράτων
891 762 1062 823 φρένες.
1371 773 1416 806 80

186 836 307 877 κεῖνα
335 831 382 876 δὲ
416 834 559 886 κεῖνος
584 826 647 874 ’ἂν
681 829 797 874 εἷ’ποι

187 898 289 961 ἔργα
310 898 566 958 περαίτερον
586 894 743 953 ἄλλων,
770 896 834 952 τίς
853 894 1016 957 τρόπος
1039 893 1180 958 ἄνδρα
1202 897 1416 960 προβάσει

187 964 233 1022 ἐξ
273 966 399 1027 ἱερῶν
443 962 617 1011 άέθλων
662 963 875 1025 μέλλοντα
918 964 1238 1012 ποθεινοτάταν
1282 963 1415 1021 δόξαν

724 1031 886 1092 φέρειν.
1370 1044 1413 1076 85

88 1103 151 1150 65
186 1103 271 1147 νῦν
304 1099 381 1162 μεν
417 1117 477 1146 αι
468 1097 540 1145 ’vni
573 1098 703 1161 γέρας
734 1097 993 1159 Ἀλκιιιέδων

181 1168 308 1215 νίκαν
340 1147 603 1229 τριακοστὰν
637 1166 768 1214 ἑλών·

1213 1271 1319 1330 Στρ.
1357 1269 1409 1316 6'.

185 1333 238 1393 ὃς
270 1335 382 1400 τύχα
413 1337 491 1396 μὲν
521 1337 742 1396 δαίμονος,
778 1334 962 1395 ἀνορέας
996 1333 1035 1380 ὁ’
1062 1333 1149 1381 οὐκ
1172 1333 1414 1396 άμπλακών

187 1403 232 1450 ἒν
263 1403 461 1465 τέτρασιν
494 1405 663 1450 παίδων
698 1401 956 1465 ἀπεθήκατο
990 1403 1135 1464 γυίοις
1369 1415 1412 1447 90

184 1469 344 1518 νόστον
375 1472 577 1532 ἔχθιστον
607 1472 680 1518 καὶ
713 1469 969 1530 άτιμοτέραν
990 1473 1199 1531 γλῶσσαν
1227 1472 1301 1518 καὶ
1319 1471 1410 1518 ἐπί-

723 1556 902 1599 κρυφον
933 1543 1072 1597 οἷμον,

86 1610 151 1655 70
184 1607 315 1668 πατρὶ
348 1607 395 1653 δὲ
428 1605 595 1668 πατρὸς
629 1606 883 1653 ἐνέπνευσεν
917 1605 1046 1665 μένος

183 1672 349 1737 γήραος
383 1672 631 1722 άντίπαλον.

182 1740 300 1789 Ἀΐδα
333 1760 402 1789 τοι
435 1742 619 1790 λάθεται
1367 1749 1409 1782 95

184 1806 349 1871 ἄρμενα
381 1809 566 1873 πράξαις
600 1808 724 1873 ἀνήρ.

93 1954 127 1976 v.
151 1943 206 1977 59.
231 1941 271 1978 ἐν
293 1943 519 1989 παγκρατίῳ.
544 1962 590 1970 —-
612 1956 644 1978 v.
669 1943 724 1977 60.
751 1942 934 1989 ῥαίτερον.
957 1960 1001 1967 —-
1027 1953 1057 1973 v.
1083 1941 1137 1974 62.
1163 1936 1196 1974 δ’
1217 1938 1356 1980 ἐκεῖνος

48 2037 223 2072 dilxerunt
245 2050 354 2082 quum
387 2039 452 2073 alii
475 2043 549 2073 tum
575 2037 774 2071 Lobeckius
799 2036 908 2080 Soph.
934 2035 1032 2069 Aiac.
1057 2034 1136 2068 802.
1160 2047 1194 2079 p.
1219 2034 1289 2068 350
1311 2046 1407 2089 seqq.

47 2083 317 2136 Antiquioribus
349 2084 460 2129 poetis
502 2095 606 2117 nemo
638 2094 716 2116 eam
751 2082 951 2115 libertatem
986 2080 1134 2124 eripiet,
1176 2081 1332 2114 maxime
1364 2082 1410 2114 iis

48 2127 162 2170 locis,
191 2129 320 2172 quibus
351 2130 410 2163 vel
443 2140 485 2162 ex
510 2128 770 2172 praepositione
792 2127 849 2160 vel
882 2138 924 2160 ex
948 2126 1029 2160 aliis
1054 2125 1183 2159 dativis
1206 2127 1320 2160 omnis
1345 2127 1409 2160 du—

48 2173 176 2208 bitatio
200 2174 243 2207 de
268 2185 352 2208 casu
377 2175 523 2209 tollitur.
556 2174 676 2216 SCH.]

138 2218 251 2298 S.c5-1.
301 2220 502 2266 [Μειλησίᾳ
546 2219 686 2253 metrici
719 2217 878 2262 ejulabae
912 2215 1074 2260 ancipitis
1103 2227 1206 2250 usum
1239 2217 1408 2262 ignoran-

50 2267 114 2299 tes.
200 2265 236 2298 H

138 2322 172 2344 v.
196 2265 264 2344 58.]
303 2307 442 2363 [μάχαν
464 2308 667 2343 Boeckhius
699 2319 762 2352 pro
796 2305 892 2341 κατὰ
915 2306 1037 2351 μάχαν
1049 2306 1210 2361 accipit,
1242 2307 1407 2341 Dissenio

47 2354 148 2412 μάχᾳ
170 2355 300 2389 melius
321 2354 448 2389 visum.
483 2356 574 2389 Cum
598 2353 780 2388 Boeckhio
795 2353 1016 2387 Scholiasta.
1041 2348 1089 2396 ἢν
1112 2351 1205 2396 μετὰ
1223 2354 1341 2388 ταῦτα
1357 2353 1409 2394 εἰς

47 2400 118 2446 τὴν
140 2401 215 2437 τῶν
239 2398 388 2445 ἀνδρῶν
410 2398 533 2445 μάχην
565 2399 605 2435 ἐκ
628 2400 697 2435 τοῦ
721 2400 950 2443 παγκρατίου
983 2397 1095 2442 ἔσχεν.
1153 2397 1222 2431 Sed
1247 2399 1325 2442 quis
1350 2404 1407 2432 to-

48 2447 138 2481 leret
159 2445 231 2482 τὰν
253 2446 447 2481 articulum
480 2458 502 2481 a
525 2458 611 2480 voce
634 2444 757 2501 μάχαν
788 2444 993 2478 divulsum?
1047 2443 1204 2498 Egregie
1228 2445 1407 2489 Kayserus

48 2505 83 2537 Ρ.
106 2491 163 2525 21.
196 2491 266 2528 τὰν
298 2489 331 2526 δ’
354 2489 464 2527 ἔπειτ’
489 2490 636 2546 ανδρῶν
667 2490 796 2534 μέτα.
855 2489 999 2523 Accedit
1022 2489 1115 2532 quod
1137 2487 1237 2533 μάχα
1261 2490 1303 2523 de
1328 2502 1406 2523 cer-

48 2537 181 2572 tamine
211 2537 380 2592 gymnico
409 2537 618 2572 inusitatum
647 2537 815 2571 Pindaro.
871 2536 999 2570 Statim
1031 2534 1070 2569 ἐκ
1103 2537 1331 2582 παγκρατίου
1365 2547 1406 2569 ex

48 2583 191 2629 optimis
212 2583 315 2617 libris
339 2583 567 2627 scholiisque
591 2583 770 2617 veteribus
794 2582 990 2616 reductum.
1024 2580 1144 2624 SCH.]

139 2640 173 2663 v.
195 2627 252 2662 60.
299 2628 485 2685 [ῥαΐτερον
509 2634 589 2663 ante
606 2628 839 2663 Boeckhium.
870 2627 940 2661 Sed
959 2626 1022 2660 ubi
1046 2629 1069 2660 ἇ
1095 2630 1222 2660 natura
1244 2627 1406 2670 longum,

21 2700 25 2707 .
51 2678 68 2709 ῖ
91 2673 339 2714 subscribitur,
364 2677 403 2708 ut
420 2673 536 2715 Λάϊος
557 2674 600 2708 fit
612 2675 735 2721 Λᾷοςς
759 2674 822 2707 ubi
839 2674 959 2714 breve,
976 2671 1202 2714 adscribitur
1222 2675 1260 2706 ut
1277 2673 1406 2707 δεδαι-

48 2719 175 2764 γμένοι
195 2712 689 2764 Pyth.vl11‚91.Cfr.ad
715 2720 817 2754 Nem.
842 2719 908 2763 111,
932 2717 988 2752 76.
1020 2718 1140 2802 8οἑἰέ
