1794 2982
268 104 350 145 342
682 100 1043 141 EXCURSUS
1093 103 1150 142 11.

267 209 323 242 41.
347 209 455 253 Pyth.
481 208 518 248 1,
543 205 599 239 86.
623 203 679 237 94.
721 205 766 247 11,
789 205 845 238 (53.
885 206 944 247 IV,
977 205 1030 238 19.
1060 204 1136 238 166.
1171 205 1250 240 249.
1275 207 1355 241 278.
1395 209 1465 252 lx,
1488 211 1545 245 68.
1570 211 1628 246 95.

268 270 346 304 118.
395 269 464 309 xl,
488 266 545 299 46.
594 266 680 307 ΧΠ,
705 265 760 298 13.
807 266 909 299 Nem.
936 267 1009 307 111,
1034 266 1089 300 28.
1114 267 1170 300 31.
1218 269 1257 310 v,
1281 268 1337 303 50.
1386 271 1459 315 vn,
1485 271 1542 305 77.
1566 268 1637 307 fin?

266 333 329 373 lx,
352 329 408 363 34.
439 330 485 368 X,
508 327 541 360 4.
572 328 697 360 Isthm.
723 328 798 368 vll,
822 327 878 360 31.
908 328 1058 372 Fragm.
1091 329 1216 362 Isthm.
1240 331 1297 372 lv,
1321 330 1344 363 5
1368 330 1524 375 (22).1n
1547 335 1629 368 loco

266 394 323 427 Ol.
349 394 416 432 lx,
440 388 510 422 104
531 401 628 432 seqq.
665 400 758 421 nunc
789 390 884 421 hunc
916 401 1042 422 censeo
1076 402 1206 423 nexum
1231 403 1326 425 esse:
1358 394 1500 427 Ducunt
1535 395 1630 429 enim

267 454 361 488 aliae
386 452 467 485 aliis
490 452 572 484 viae
596 450 766 489 ulterius3
804 452 1016 484 excellentia
1041 453 1154 485 ardua
1179 457 1248 494 est,
1281 454 1471 488 inferiores
1495 457 1631 500 gradus

266 516 398 549 artium
422 513 565 547 facilius
587 512 802 555 assequaris.
835 513 927 545 Illuc
951 525 1038 546 vero
1057 515 1320 557 Epharmostus
1343 517 1518 560 pervenit.
1550 518 1629 551 Non

266 582 345 610 sunt
368 577 479 621 igitur
501 575 632 608 verba:
668 576 797 617 σοφίαι
821 573 886 616 μὲν
912 576 1096 619 αἰπειναί,
1128 578 1293 620 opposita
1327 579 1629 622 antecedentibus,

265 640 328 672 sed
353 639 526 671 subiecta.
582 636 742 679 Denique
777 637 882 680 Pyth.
909 638 972 678 lx,
997 636 1052 671 84.
1087 640 1300 672 antecedens
1333 651 1461 673 nomen
1484 653 1627 686 πατρο-

264 700 393 742 πάτωρ
421 698 616 742 explicatnr
640 702 674 731 et
698 698 770 730 alia
792 698 882 730 ratio
906 702 958 731 est
989 698 1124 732 ibidem
1151 712 1183 732 v.
1209 699 1264 732 26.
1312 701 1509 745 Postquam
1532 702 1628 736 enim

266 776 300 796 v.
334 762 366 795 5.
404 763 584 806 Cyrenam
626 761 671 792 ab
704 760 868 803 Apolline
908 765 1051 803 raptam
1084 767 1379 805 praemonuerat,
1421 764 1627 798 monstratis

264 825 391 858 deinde
423 822 621 867 originibus
645 826 680 854 et
704 823 865 855 moribus
889 823 1052 864 puellae,
1091 824 1135 855 ad
1161 823 1277 866 ipsam
1301 829 1425 868 raptus
1443 808 1626 860 'narratio-

264 897 346 919 nem
371 885 556 925 accedens,
581 883 718 916 orditur
742 895 806 926 per
830 883 1035 927 Asyndcton
1060 886 1134 926 κίχε
1160 897 1216 918 νιν
1241 887 1314 918 κτλ.
1364 886 1460 919 Satis
1486 888 1530 920 de
1556 888 1626 921 his.

264 948 310 980 Ut
336 947 452 987 vides,
478 946 657 979 nuntiatur
681 945 835 986 dictum,
863 945 990 977 deinde
1015 945 1220 988 exponitur,
1255 946 1432 979 indicatur
1456 949 1626 990 breviter,

262 1009 469 1049 indefinite,
498 1008 689 1048 indirecte,
724 1006 910 1039 obscurius
940 1018 1017 1047 reS,
1051 1007 1251 1050 explicatur
1286 1009 1415 1041 deinde
1456 1010 1626 1052 apertius,

263 1072 420 1115 plenius,
454 1081 517 1113 per
542 1072 673 1112 parteS.
730 1069 847 1100 Causa
878 1079 964 1100 vero
988 1068 1160 1111 Asyndeti
1193 1073 1328 1112 aperta.
1389 1071 1428 1103 Si
1458 1073 1625 1114 copulam

261 1134 412 1166 adderes
445 1135 507 1165 aut
538 1129 804 1163 adversativam
837 1129 1075 1172 particulam,
1113 1129 1212 1162 iuxta
1243 1141 1394 1173 poneres
1432 1132 1532 1165 aliud
1564 1131 1625 1167 aut

260 1206 477 1239 opponeres3
511 1204 602 1225 nunc
636 1195 756 1224 autem
789 1190 919 1224 subiici
948 1191 1054 1224 debet
1078 1191 1253 1234 posterior
1277 1193 1378 1225 locus
1403 1194 1626 1228 antecedenti

259 1264 431 1299 tanquam
451 1266 545 1299 pars.
595 1254 717 1296 Quare
734 1252 952 1285 omittendae
969 1256 1049 1285 sunt
1072 1252 1162 1286 istae
1184 1259 1392 1297 separantes
1414 1256 1623 1299 particulae.

260 1319 330 1352 Ubi
354 1329 440 1351 vero
472 1316 689 1362 videbuntur
713 1315 777 1348 tibi
811 1314 845 1347 in
871 1315 961 1347 locis
985 1315 1196 1358 quibusdam
1235 1316 1354 1349 allatis
1378 1317 1487 1350 etiam
1510 1318 1623 1361 parti-

260 1383 364 1414 culae
399 1379 585 1412 commode
619 1377 703 1420 poni
727 1377 902 1420 potuisse,
937 1388 1004 1410 non
1029 1381 1149 1410 tamen
1175 1378 1325 1412 omissas
1348 1390 1410 1412 eas
1434 1379 1622 1422 iudicabis,

259 1443 322 1475 sed
347 1442 453 1475 aliter
478 1452 570 1473 nunc
595 1451 671 1472 rem
698 1438 908 1483 cogitatam.

349 1503 513 1537 Secundo
537 1503 618 1535 loco
643 1500 772 1533 similis
795 1500 886 1533 ratio
911 1501 1147 1534 memoranda
1171 1504 1234 1542 est,
1260 1501 1338 1535 ubi
1364 1503 1525 1536 eadem
1547 1514 1624 1536 res

260 1576 357 1598 cum
382 1564 427 1597 vi
450 1562 681 1606 repetitur
705 1561 813 1595 aliis
840 1563 1006 1595 verbis.
1032 1562 1249 1604 01.111,17:
1277 1560 1347 1597 τοὲν
1371 1576 1460 1598 ποτε
1478 1563 1622 1609 Ἴστρου

259 1623 333 1660 οἷπὸ
357 1625 512 1670 σκιαρᾶν
530 1624 653 1666 παγᾶν
672 1623 807 1657 ἔνεικεν
825 1621 1178 1668 Ἀμφιτρυωνιάδας,
1191 1625 1319 1668 μνᾶμα
1334 1625 1409 1659 τῶν
1423 1624 1624 1674 Οὐλυμπίᾳ

257 1686 448 1722 κάλλιστον
481 1684 630 1725 ἄθλων,
672 1685 792 1727 δᾶμον
813 1683 1065 1729 “Τπερβορὲων
1094 1688 1239 1725 πείσαις
1261 1683 1483 1727 ’Λπόλλωνος
1505 1688 1622 1734 θερά-

257 1763 376 1785 ποντα
402 1747 516 1793 λόγῳ·
549 1744 660 1780 πιστὰ
693 1745 862 1789 φρονέων
886 1743 978 1784 Διὸς
1010 1746 1108 1779 αἰτεῖ
1128 1745 1305 1792 πανδόκῳ
1342 1746 1444 1783 ἄλσει
1468 1749 1630 1795 σκιαρόν

256 1825 294 1846 τε
320 1809 490 1855 φύτευμα
515 1807 626 1850 ξυνὸν
661 1805 878 1851 ἀνθρώποις
911 1805 1097 1850 στέφανόν
1129 1804 1158 1840 τ’
1183 1805 1332 1852 α’ρετοῖν.
1386 1811 1621 1847 Manifestum

257 1877 310 1907 est
332 1873 388 1905 bis
412 1871 483 1905 dici
506 1871 623 1911 idem,
655 1881 747 1913 quae
769 1870 806 1902 in
840 1870 914 1901 fine
939 1868 1068 1911 prioris
1092 1869 1160 1901 loci
1191 1874 1291 1912 sunt,
1328 1872 1373 1904 ab
1399 1872 1454 1905 his
1478 1873 1621 1908 initium

256 1935 421 1978 capiente
437 1934 604 1974 secundo,
629 1936 737 1975 atque
763 1931 871 1964 etiam
897 1930 1026 1963 ceteris
1041 1929 1184 1963 inverso
1199 1932 1321 1964 ordine
1340 1933 1477 1975 positiS.
1503 1935 1620 1969 Causa

256 2009 343 2030 vero
368 1995 589 2039 repetitionis
613 1995 648 2027 in
671 1997 860 2036 promptu3
895 1991 1047 2024 vertitur
1069 2003 1211 2026 summa
1234 1994 1382 2028 fabulae
1405 1995 1440 2028 in
1463 2007 1528 2036 eu,
1555 2007 1620 2030 an-

255 2059 442 2091 nuentibus
467 2056 732 2101 Hyperboreis,
769 2066 836 2088 non
862 2053 919 2095 vi,
950 2054 1165 2087 translatum
1191 2056 1387 2089 oleastrum
1411 2056 1620 2100 Olympiam

255 2118 459 2163 praemium
484 2117 667 2150 virtutum.
713 2116 814 2149 Adde
840 2115 948 2159 Pyth.
976 2115 1038 2157 ΠΙ,
1068 2115 1150 2148 107:
1193 2117 1343 2162 σμικρὸς
1371 2116 1408 2151 ἐν
1442 2123 1618 2164 σμικροῖς,

253 2179 365 2223 μέγας
389 2178 428 2213 ἐν
449 2177 621 2222 μεγάλοις
650 2177 818 2220 ἔσσομαι·
864 2172 930 2211 τὸν
964 2173 1172 2220 ἀμφέποντ’
1201 2179 1273 2213 αἰεὶ
1309 2180 1446 2225 φρασὶν
1473 2178 1619 2223 δαίμον’

253 2238 401 2284 ἀσκήσω
427 2237 506 2274 κατ’
531 2238 623 2283 ἐμὰν
647 2236 870 2284 θεραπεύων
892 2238 1073 2281 μαχανάν.
1123 2240 1204 2273 Alia
1228 2243 1395 2286 exempla
1413 2247 1494 2276 sunt
1512 2243 1568 2277 01.
1590 2244 1620 2286 1,

252 2302 316 2336 52:
342 2301 421 2344 ἐμοὶ
447 2299 478 2335 δ’
502 2298 626 2347 ἄπορα
649 2302 918 2346 γαστρίμαργον
941 2299 1118 2344 μακάρων
1143 2301 1212 2336 τιν’
1237 2303 1366 2338 εἰπεῖν.
1397 2301 1618 2348 ἀφίσταμαι.

254 2365 311 2398 01.
331 2365 391 2405 lx,
408 2363 472 2396 40:
497 2362 546 2407 μὴ
573 2364 641 2398 νῦν
665 2360 814 2405 λαλάγει
838 2360 884 2395 τοὶ
909 2360 1068 2397 τοιαῦτ’·
1097 2362 1138 2398 ἔα
1156 2363 1316 2408 πόλεμον
1333 2364 1455 2408 μάχαν
1479 2378 1518 2400 τε
1542 2367 1617 2399 ποῖ-

221 2429 226 2436 '
255 2435 322 2460 σαν
345 2425 454 2471 χωρὶς
478 2423 694 2459 ἀθανάτων.
734 2424 842 2469 Pyth.
865 2425 909 2467 X,
927 2425 990 2458 21:
1015 2424 1064 2469 μὴ
1092 2428 1299 2471 φθονεραῖς
1325 2426 1363 2460 ἐκ
1387 2429 1489 2460 θεῶν
1504 2438 1617 2470 μετα-

253 2488 427 2533 τροπίαις
450 2485 695 2532 ἐπικύρσαιεν.
721 2486 811 2526 θεὸς
830 2488 885 2531 εἴη
906 2485 1065 2530 α’πήμων
1089 2484 1189 2531 κέαρ.
1220 2487 1414 2530 Aptissima
1430 2499 1488 2520 res
1507 2499 1616 2531 quum

254 2549 345 2582 alias
367 2553 442 2582 tum
471 2549 505 2582 in
530 2548 698 2592 precibus
721 2547 884 2590 votisque
914 2547 1056 2581 intentis
1084 2551 1118 2580 et
1149 2548 1185 2581 in
1210 2548 1362 2590 affectu,
1400 2549 1510 2583 veluti
1541 2550 1616 2583 iam

255 2611 435 2644 Homerus
456 2610 544 2643 dixit
556 2611 597 2644 11.
617 2608 742 2652 1‚106:
769 2608 880 2652 μάντι
895 2608 1028 2649 κακῶν,
1056 2605 1101 2642 ου’
1126 2606 1278 2643 πώποτέ
1301 2623 1365 2653 μοι
1388 2609 1430 2645 τὸ
1455 2608 1616 2657 κρήγυον

257 2669 376 2716 εἶπες,
402 2672 477 2707 αἰεί
499 2685 558 2706 τοι
581 2669 628 2706 τὰ
652 2667 734 2705 κάκ’
760 2668 835 2705 ἐστὶ
859 2671 950 2715 φίλα
973 2669 1080 2716 φρεσὶ
1103 2669 1366 2713 μαντεύεσθαι.
