1794 2982
373 110 450 150 178
726 106 1233 148 NEMEONIKAI
1269 103 1332 147 A'.

407 220 472 263 70
508 213 698 275 ἁσυχίαν
723 213 800 260 τὸν
835 210 1005 259 ἅπαντα
1038 212 1199 274 χρόνον
1232 212 1391 261 ποινὰν
1419 214 1592 275 λαχόντ’
1624 213 1736 271 ἐξαί-

774 298 899 340 ρετον

507 346 673 408 ὀλβίοις
692 348 736 393 ἐν
768 347 950 408 δώμασι,
987 345 1218 407 δεξάμενον
1238 345 1435 409 θαλερὰν
1451 345 1594 409 ’Ήβαν
1615 347 1738 394 ἄκοι-

776 433 844 461 τιν
878 416 951 460 καὶ
986 415 1128 476 γάμον
1673 427 1737 459 110

503 482 727 538 δαίσαντα,
749 481 838 544 πὰρ
863 484 919 528 Δὶ
943 483 1143 546 Κρονίδᾳ
1173 480 1333 542 σεμνὸν
1368 480 1563 545 αἰνήσειν
1585 481 1738 544 δόμον.

419 623 448 645 v.
475 613 529 646 70.
555 611 730 657 ἁσυχίαν,
756 611 932 658 καμάτων
954 612 1121 658 μεγάλων
1148 612 1284 648 ποινὰν
1308 634 1354 639 —-
1379 626 1408 647 v
1436 615 1488 648 72.
1519 614 1584 648 Διῒ

375 719 449 740 nus.
496 709 634 741 Deinde
659 709 864 742 Boeckhius
897 708 1002 742 metri
1026 719 1134 742 causa
1158 709 1291 742 verba:
1326 705 1395 742 τὸν
1427 720 1578 741 απαντα
1609 705 1743 753 χρόνον

373 752 409 785 in
435 753 590 796 primum
608 766 753 787 xersum
772 754 909 798 lecepit
934 760 968 787 et
993 753 1170 796 καμάτων
1190 751 1357 797 μεγάλων
1366 753 1501 808 posuit
1519 753 1555 786 in
1574 754 1742 786 secundo

374 800 603 854 Hermannus
634 801 720 833 olim
752 801 803 833 sic
836 800 1073 843 transposuit:
1109 799 1148 834 ἐν
1183 799 1313 853 einaim
1336 797 1400 833 τὸν
1436 796 1585 832 ἅπαντα
1609 798 1743 852 χοόνον

375 841 552 898 καμάτωι
582 844 617 876 εὐ
644 848 755 890 σχεοῷ
781 844 937 899 ἁσυχίαν
959 844 1127 888 μεγάλων
1149 845 1309 902 ποινάν,
1342 857 1432 878 nunc
1458 845 1636 878 defendit:
1672 841 1742 878 ον’-

374 888 441 924 τὸν
472 890 546 932 m'v
582 889 619 923 ἐν
654 893 782 936 εἰράνᾳ
814 890 881 925 τὸν
914 888 1063 924 ἅπαντα
1093 890 1226 934 χρόνον
1259 890 1296 924 ἐν
1322 891 1455 935 σχερῷ,
1496 894 1742 934 ἢεςηῑιιτείωιι

374 947 542 977 v‚ersum
579 947 666 978 quos
701 941 810 981 negat
832 936 1039 970 Boeckhius
1064 936 1099 969 in
1123 937 1180 969 his
1206 937 1424 970 carminibus
1446 937 1567 969 locum
1591 936 1741 968 habere.

376 962 588 1023 [Helmailni
613 983 815 1015 emendatio
840 983 962 1015 nititur
979 982 1102 1015 ve1bis
1115 982 1361 1015 scholiastae.
1379 978 1463 1016 Ότι
1490 983 1551 1015 καὶ
1576 983 1642 1015 τοῦ
1668 984 1743 1014 λοι-

375 1027 448 1059 ποῦ
475 1025 588 1063 αυτὸς
615 1027 632 1060 ὁ
659 1026 838 1082 Ηρακλῆς
863 1027 900 1062 ἐν
925 1026 1053 1072 εἰρήνῃ
1080 1028 1139 1061 καὶ
1166 1028 1299 1072 ἠσυχίᾳ
1319 1026 1528 1061 διατελέσει.
1554 1046 1593 1050 -
1621 1027 1740 1070 Berg-

376 1071 455 1104 kius
479 1076 600 1105 tamen
626 1078 722 1114 σχεῖν
748 1071 807 1106 αἐί
841 1085 883 1106 ex
920 1074 1058 1106 duobus
1089 1074 1272 1106 codicibus
1306 1073 1341 1105 in
1372 1077 1471 1106 textu
1494 1072 1674 1112 servavit,
1706 1072 1742 1104 in

376 1122 459 1149 noti
487 1118 670 1160 proposuit
700 1116 817 1152 αὐτὸν
847 1116 921 1161 μὰν
956 1119 993 1152 ἐν
1019 1118 1155 1172 εἰράνᾳ
1173 1117 1239 1152 τὸν
1264 1115 1414 1151 ἅπαντα
1447 1117 1632 1159 διάξειν
1655 1116 1740 1162 χοό-

377 1174 453 1203 ἰοι
479 1165 633 1205 ἁσυχίαν
656 1162 824 1206 μεγάλων
847 1161 1024 1205 καμάτων
1047 1162 1186 1197 ποινὰν
1206 1162 1349 1206 λαχόντ’
1377 1163 1564 1206 ἐξαίρετον
1592 1163 1652 1196 vel
1676 1161 1743 1195 τὸν

377 1205 526 1240 ἅπαντα
551 1210 808 1253 πεδασχεῖν
831 1210 959 1252 (quam
983 1209 1143 1242 formam
1167 1222 1210 1242 ex
1229 1210 1385 1242 Pindaro
1411 1209 1516 1243 affert
1534 1208 1744 1242 Eustathius

376 1253 542 1286 Prooem.
568 1266 601 1297 p.
629 1254 703 1297 11.)
737 1254 949 1298 ἁσυχίας.
999 1255 1172 1288 'Neutrum
1196 1255 1406 1299 probabile,
1430 1265 1541 1298 quum
1567 1252 1606 1288 ἐν
1632 1254 1745 1299 σχερῷ

377 1299 586 1341 exquisitius
608 1299 652 1333 sit
678 1312 785 1344 quam
811 1301 906 1345 quod
932 1304 1066 1335 temere
1090 1312 1249 1345 spernas.
1297 1301 1419 1345 SCH]
