1751 2986
0 905 22 953 β

1278 185 1412 213 XXXVH

50 277 208 320 miserat,
229 276 267 311 in
287 277 363 311 fine
386 275 433 310 ad
449 274 758 320 Euphemidarum
783 276 941 322 origines
965 275 1073 319 venit,
1097 275 1232 320 optime
1256 278 1291 311 in
1315 279 1412 312 redi-

32 341 89 373 >tu
114 339 258 372 demum
289 350 309 372 e
333 338 509 372 Colchide
535 338 759 384 Argonautas
787 339 965 373 Lemnum
988 339 1170 383 appulisse
1191 341 1348 372 statuens
1372 343 1410 374 ut

48 399 240 445 Myrsilus,
265 399 313 433 cf.
337 398 534 433 Mulleri
557 399 729 434 Orchom.
756 413 791 444 p.
810 399 912 441 302„
939 411 1046 443 quum
1070 401 1182 444 vulgo
1207 404 1288 433 ante
1312 401 1412 444 ponti

48 449 186 495 aditum
206 472 248 495 eo
265 460 431 501 veniant3
455 471 538 494 nam
560 464 596 494 et
609 461 746 494 Iasonis
763 461 955 505 descriptio
971 461 1023 494 sic
1040 471 1110 494 non
1128 461 1410 506 interrumpitur,

48 525 84 556 et
113 533 224 566 quum
255 526 402 568 propter
423 522 647 556 Arcesilaum
672 523 793 556 omnia
817 523 912 556 dicta
944 522 1033 563 sint,
1061 534 1155 555 nunc
1188 523 1296 557 etiam
1322 523 1409 557 illud

45 582 279 628 intelligitur,
318 587 484 627 peractae
516 583 671 618 feliciter
709 584 840 617 virtute
874 583 1012 616 Iasonis
1043 583 1260 627 expeditioni
1292 587 1409 640 prtum

45 645 171 690 regiae
195 645 312 690 gentis
335 645 470 686 deberi,
495 656 564 688 quo
586 645 664 688 ipso
680 646 879 679 absolvitur
896 645 1047 689 egregia
1070 644 1124 677 vis
1146 644 1408 678 admonitionis.

44 705 214 739 Videmus
235 706 344 750 igitur
362 705 569 738 universam
585 707 827 740 narrationem
844 705 1117 750 prudentissime
1135 707 1180 739 ad
1199 718 1282 739 eum
1298 706 1409 740 finem

42 767 197 812 lyricum
216 771 443 808 revocatam,
467 771 506 799 ut
525 767 696 800 Arcesilai
715 767 855 800 animus
875 771 1146 800 commoveatur
1168 767 1406 810 gravissime3

42 839 154 872 quum
176 827 271 862 enim
295 827 418 871 epicus
438 832 546 871 poeta
571 828 706 871 pariter
727 840 851 861 omnes
875 834 997 862 tenere
1020 828 1120 868 velit,
1143 828 1275 872 lyricus
1299 839 1406 871 prae-

41 888 158 923 nentia
191 889 363 933 epinicia,
403 893 630 932 praesentem
654 889 830 922 victorem
856 890 1002 932 respicit
1036 893 1238 922 constanter
1270 894 1304 922 et
1335 890 1406 922 huc

42 950 163 984 omnia
186 950 320 995 dirigit.
356 950 430 983 Sed
454 960 524 994 age
549 949 623 983 iam
648 951 757 984 etiam
782 952 826 984 dc
843 951 1069 995 singulorum
1086 951 1249 983 locorum
1274 955 1406 985 tracta-

26 1011 138 1054 *tione
161 1011 344 1052 dicamus,
375 1015 414 1044 ut
443 1011 553 1044 etiam
587 1011 647 1044 hic
681 1012 834 1055 lyricam
868 1012 1001 1054 ubique
1032 1016 1146 1045 artem
1183 1017 1217 1045 et
1241 1016 1404 1045 ornatum

32 1065 229 1118 agnoscas.
285 1073 402 1116 Atque
426 1076 479 1106 ut.
496 1073 541 1106 ab
568 1073 702 1106 ultimis
735 1074 873 1115 ordiar,
909 1085 1017 1116 quum
1039 1074 1075 1106 in
1100 1074 1274 1107 Colchide
1299 1074 1404 1107 Iason

40 1134 199 1179 primum
222 1135 336 1168 boves
361 1137 482 1167 aratro
508 1134 657 1178 iungere
673 1135 820 1168 deberet
839 1135 1052 1179 ignivomoS,
1078 1139 1270 1178 antequam
1289 1137 1405 1169 vellus

40 1196 174 1238 adiret,
214 1196 390 1229 Pindarus
420 1196 464 1228 de
497 1195 643 1237 velleris
674 1196 946 1241 recuperatione
978 1197 1057 1240 ipsa
1088 1201 1122 1230 ct
1155 1198 1198 1231 de
1229 1197 1404 1240 serpentis

40 1256 219 1290 occisione
246 1257 405 1291 breviter
428 1257 535 1299 dixit,
567 1258 738 1301 spendide
770 1270 857 1292 vcro
886 1258 1054 1292 tractavit
1085 1259 1325 1292 narrationem
1358 1259 1403 1291 dc

39 1317 155 1350 bobus
173 1317 312 1360 iunctis,
331 1329 422 1361 quae
441 1330 499 1352 res
519 1323 553 1353 et
571 1324 736 1353 ornatum
756 1321 983 1363 praeclarum
1005 1320 1210 1354 admitteret
1231 1320 1402 1353 heroicae

38 1378 182 1412 virtutis
206 1383 240 1412 et
265 1384 401 1413 certum
426 1380 618 1425 augurium
642 1386 734 1414 esset
757 1382 1001 1424 sequentium,
1038 1386 1075 1414 ut
1100 1382 1169 1414 hoc
1195 1382 1255 1424 qui
1280 1381 1401 1424 perfe-

39 1439 143 1473 cisset
166 1451 249 1473 eum
271 1441 332 1473 vix
359 1447 477 1484 posset
504 1443 660 1476 dubitari
685 1443 764 1486 pari
787 1444 894 1476 laude
915 1443 1110 1486 perfecisse
1135 1443 1243 1476 etiam
1270 1446 1401 1476 cetera.

35 1501 136 1535 Finis
158 1501 301 1544 quidem
333 1504 569 1547 expeditionis
599 1505 746 1538 velleris
778 1505 1007 1548 recuperatio
1032 1509 1103 1545 est,
1120 1492 1123 1497 ¹
1139 1504 1202 1537 sed
1226 1504 1402 1537 Pindarus

35 1553 298 1606 expeditionem
323 1568 469 1608 propter
492 1566 656 1599 Iasonem
680 1569 819 1606 narrat,
845 1575 978 1608 quare,
1013 1577 1120 1608 quum
1146 1566 1268 1609 epicus
1294 1569 1401 1609 poeta

34 1628 224 1668 utramque
238 1636 318 1658 rem
334 1629 490 1658 tractare
508 1627 649 1668 debeat,
672 1627 809 1670 lyricus
830 1627 928 1670 prius
947 1628 1062 1659 solum
1084 1630 1208 1659 ornate
1229 1626 1400 1667 narravit,

35 1689 73 1720 et
95 1697 204 1730 quum
237 1685 290 1719 sic
316 1687 560 1720 declaraverit
582 1686 829 1720 fortitudinem
859 1687 927 1721 viri
953 1700 1128 1731 opemque
1153 1689 1302 1721 deorum
1326 1688 1400 1720 sin-

33 1748 214 1794 gularem,
236 1759 307 1781 non
330 1758 419 1791 opus
442 1747 570 1780 habuit
593 1748 702 1782 etiam
725 1750 840 1783 altera
867 1761 907 1783 re
924 1754 1070 1783 narrata
1097 1749 1193 1782 idem
1212 1749 1398 1782 ostendere
1419 1761 1423 1764 ·

32 1807 174 1842 iterum.
229 1807 355 1852 Neque
387 1809 482 1842 enim
512 1820 570 1842 res
604 1814 639 1843 et
678 1809 776 1844 facta
807 1810 967 1854 ipsorum
1008 1822 1117 1844 causa
1149 1816 1292 1851 narrat,
1334 1811 1398 1843 sed

32 1873 181 1914 propter
200 1870 239 1904 id
261 1870 355 1913 quod
379 1871 510 1903 docere
528 1872 616 1912 vult,
642 1875 677 1904 ct
700 1876 822 1905 movet
844 1884 913 1905 non
929 1872 1154 1906 multitudine
1175 1883 1308 1911 rerum,
1334 1872 1398 1904 sed

32 1931 226 1976 gravitate.
275 1932 415 1965 Tamen
446 1942 555 1975 saepe
579 1934 817 1976 reprehensus
842 1938 894 1967 est
917 1934 1113 1974 Pindarus,
1150 1934 1277 1973 credo,
1303 1933 1397 1975 quod

32 1991 76 2026 in'
91 1991 164 2024 fine
196 1995 272 2025 tam
305 1991 468 2026 celeriter
499 1995 740 2028 narrationem
765 1994 960 2038 abruperit.
1016 1994 1087 2026 llic
1120 2005 1207 2027 vcro
1231 1993 1398 2027 similiter

32 2063 78 2086 ex
107 2045 190 2086 viae
213 2053 355 2086 casibus
384 2065 494 2088 unam
519 2058 654 2088 tantum
685 2056 854 2090 tractavit
877 2067 971 2097 rem,
1005 2065 1096 2097 quae
1128 2055 1286 2088 maxime
1312 2042 1396 2099 per-

31 2115 179 2148 celleret
203 2114 342 2148 animos
364 2115 531 2149 miraculi
548 2116 807 2161 magnitudine,
831 2116 1120 2160 Symplegadum
1137 2121 1275 2150 motum
1292 2116 1395 2150 terri—

30 2175 144 2209 bilem
167 2185 189 2209 a
205 2175 367 2219 Neptuno
392 2180 538 2219 propter
554 2177 780 2221 Argonautas
807 2177 999 2211 inhibitum
1022 2182 1057 2212 et
1080 2178 1234 2212 fractum
1258 2179 1294 2211 in
1311 2190 1394 2222 per-

31 2240 189 2281 petuum,
213 2237 248 2270 in
266 2248 334 2280 quo
352 2237 463 2270 etiam
483 2239 554 2271 hoc
574 2238 739 2282 lyricum,
765 2239 860 2282 quod
879 2238 974 2281 ζωὰς
997 2239 1083 2273 dicit
1102 2238 1251 2284 πέτρας.
1300 2240 1394 2273 Con-

30 2298 149 2332 sidera
163 2309 271 2342 porro
289 2299 524 2343 magnificum
546 2301 666 2333 locum
692 2301 735 2334 de
754 2301 901 2343 Venere,
927 2302 1104 2345 quomodo
1130 2301 1292 2335 effecerit
1313 2302 1393 2342 dea,

30 2363 76 2394 ut-
92 2360 198 2405 virgo
213 2360 491 2404 generosissima
510 2362 641 2395 Medea
667 2363 922 2397 verecundiam
944 2367 1132 2407 parentum
1162 2364 1336 2398 abiiceret
1359 2368 1394 2398 et

28 2421 222 2467 peregrino
247 2421 367 2456 iuveni
391 2433 430 2456 se
458 2423 712 2466 desponderet,
747 2429 781 2458 ct
806 2426 890 2459 vide
914 2436 1039 2469 preces
1061 2425 1197 2459 Iasonis
1220 2430 1300 2460 ante
1324 2426 1394 2460 iter

31 2483 67 2518 iu
91 2473 206 2527 puppi
224 2483 342 2517 factas
360 2494 431 2516 non
453 2484 557 2527 epica
573 2485 815 2529 simplicitate,
834 2488 896 2520 sed
916 2487 1031 2531 lyrica
1051 2499 1131 2520 cum
1149 2487 1198 2529 vi,
1221 2489 1335 2522 undas
1358 2490 1393 2520 et

30 2535 152 2578 noctes
170 2545 315 2588 diesque
340 2545 400 2588 qui
423 2545 586 2587 invocet3
613 2547 761 2591 denique
780 2548 842 2581 ubi
862 2549 992 2581 heroes
1010 2553 1263 2591 convocantur,
1281 2550 1392 2583 etiam

31 2606 81 2641 ibi
104 2617 175 2640 non
198 2607 302 2650 epico
334 2617 435 2640 more
460 2612 645 2643 enumerat
677 2621 818 2651 omnes,
844 2610 908 2642 sed
931 2609 1021 2643 fines
1044 2615 1223 2644 extremos
1245 2610 1390 2652 indicat,

31 2668 127 2702 unde
149 2667 330 2710 venerium
360 2679 404 2703 ae
434 2679 548 2712 quum·
573 2671 732 2705 nonnulli
760 2671 964 2706 nominandi
989 2674 1125 2713 essent,
1160 2682 1221 2705 eos
1252 2671 1391 2714 laudat,
