1794 2982
627 137 882 180 PYTHIA
921 138 997 180 lv.
1415 138 1494 180 123

1281 243 1385 293 Ἀντ.
1422 245 1491 294 ια’.

263 310 378 374 πρὸς
411 310 451 359 δ’
484 311 646 374 ἑταῖροι
678 310 893 374 καρτερὸν
926 309 1066 374 ἄνδρα
1099 311 1234 374 φίλας
1423 323 1492 357 425

130 381 230 431 240
267 378 435 444 ὤρεγον
468 385 629 442 χεῖρας,
664 380 925 442 στεφάνοισί
955 380 1001 427 τὲ
1033 398 1107 441 μιν
1138 380 1271 438 ποίας
1300 380 1490 442 ἔρεπτον,

732 448 956 508 μειλιχίοις
987 465 1032 494 τε
1065 446 1214 510 λόγοις

265 512 538 577 ἀγαπάζοντ’.
593 512 751 562 αὐτίκα
797 513 836 561 ‹5'
868 513 1038 561 Ἀελίου
1081 512 1347 576 θαυμαστὸς
1391 512 1492 572 υἷὸς

739 582 875 642 δέρμα
909 579 1112 642 λαμπρὸν

263 649 447 709 ἔννεπεν,
471 650 581 696 ἔνθα
601 667 670 696 νιν
692 648 934 696 ἐκτάνυσαν
957 647 1128 710 Φρίξου
1157 646 1387 709 μα’χαιραι·
1424 657 1491 691 430

261 713 423 779 ἤλπετο
458 715 498 762 δ’
530 714 677 763 οὐκέτι
713 717 754 762 οἳ
788 715 932 762 κεῖνόν
965 734 1010 777 γε
1044 713 1298 775 πράξασθαι
1332 714 1488 761 πόνον.

261 788 378 830 κεῖτο
410 781 494 845 γὰρ
527 782 682 848 λόχμᾳ,
717 782 962 844 δράκοντος
991 781 1030 829 ‹5'
1058 784 1192 843 εἴχετο
1217 785 1492 844 λαβροτατᾶν

728 849 912 912 γενύων,
1423 860 1490 892 435

129 917 227 965 245
263 912 314 973 ὃς
343 914 471 977 πάχει
503 915 630 977 μάκει
662 934 706 963 τε
741 914 1094 980 πεντηκόντορον
1126 919 1241 964 ναῦν
1275 915 1436 978 κράτει,

259 983 438 1031 τέλεσαν
472 980 529 1032 ἓν
560 985 722 1047 πλαγαὶ
757 984 959 1047 σιδάρου.

1299 1140 1392 1189 Ἐπ.
1420 1141 1489 1189 ια’.

261 1208 408 1272 μακρά
417 1226 492 1271 μοι
510 1213 683 1256 νεῖσθαι
696 1207 788 1255 κατ’
799 1207 1004 1270 ἀμαξιτόν
1017 1226 1026 1236 ·
1051 1207 1143 1272 ὥρα
1162 1206 1245 1273 γὰρ
1257 1209 1467 1257 συνάπτει
1479 1227 1489 1236 ·

739 1277 816 1322 καί
847 1295 944 1323 τινα
1424 1287 1490 1320 440

261 1339 390 1403 οἶμον
424 1343 548 1403 ἴσαμι
579 1341 771 1404 βραχύν·
817 1347 1020 1390 πολλοῖσι
1055 1342 1094 1390 ‹5’
1129 1341 1291 1407 ἅγημαι
1326 1344 1491 1405 σοφίας

739 1410 912 1471 ἑτέροις.

262 1480 397 1524 κτεῖνε
430 1475 509 1536 μὲν
540 1480 787 1538 γλαυκῶπα
819 1478 988 1539 τέχναις
1021 1476 1339 1525 ποικιλόνωτον
1367 1475 1489 1538 ὅφιν,

218 1657 254 1680 v.
279 1645 360 1679 233.
408 1645 527 1689 [Libri
552 1644 711 1687 αἰόλλει,
734 1646 943 1680 Boeckhius
968 1644 1072 1684 ἐόλει,
1097 1650 1134 1680 ut
1156 1644 1267 1692 ἐώρας
1279 1658 1344 1691 pro
1370 1645 1491 1693 αἰώρα

128 1694 164 1725 et
196 1691 289 1731 alia3
322 1690 407 1725 vide
440 1691 537 1724 Nott.
563 1691 664 1725 Critt.
689 1692 745 1725 01.
774 1693 876 1733 xm,
911 1692 963 1726 78<
1001 1697 1035 1725 et
1058 1693 1268 1726 Buttmanni
1293 1694 1355 1726 Gr.
1379 1695 1490 1736 ampl.

126 1737 174 1771 11.
198 1748 233 1780 p.
248 1734 328 1769 164.
354 1740 389 1770 et
412 1736 528 1770 Lexil.
552 1737 598 1769 11.
622 1749 657 1780 p.
677 1737 722 1770 78
737 1749 847 1780 seqq.‚
872 1737 931 1780 qui
955 1738 1089 1771 rectius
1112 1749 1180 1770 non
1205 1739 1251 1770 ab
1273 1738 1406 1773 αἰολέω
1424 1740 1490 1773 du-

127 1782 186 1825 cit,
209 1782 272 1815 sed
297 1782 321 1815 i.
346 1793 378 1825 q.
404 1782 492 1815 εἴλει
516 1793 593 1815 esse
617 1783 786 1826 disputat,
811 1794 833 1815 a
856 1783 978 1816 radice
1003 1785 1112 1817 ΕΛΩ.
1161 1784 1280 1826 SCH.]

217 1838 254 1860 v.
275 1825 344 1860 234
366 1838 439 1870 seq.
490 1826 656 1870 [Scholia
681 1825 825 1884 ἀνάγκα
851 1833 886 1862 ct
911 1826 1091 1872 ἀνάγκαις
1117 1828 1413 1871 interpretantur3
1445 1828 1490 1862 li-

126 1873 188 1908 bri
211 1870 399 1914 ἀνάγκας,
422 1872 491 1905 nisi
515 1874 608 1915 quod
633 1874 712 1906 Pal.
738 1874 765 1906 C
790 1872 982 1916 ανάγκαις.
1022 1875 1119 1908 Tum
1142 1875 1273 1917 βοέους
1297 1875 1366 1906 duo
1390 1874 1492 1907 codi-

127 1929 207 1959 ees3
230 1917 362 1962 reliqui
380 1928 464 1950 cum
479 1917 637 1951 Scholiis
652 1917 784 1963 βοέοις.
810 1919 990 1952 Boeckhii
1007 1920 1237 1962 scripturam,
1257 1919 1316 1961 qui
1327 1917 1493 1959 α’νάγκας

127 1963 307 2004 servavit,
331 1962 460 1996 merito
485 1963 674 2008 impugnat
695 1965 928 1997 Hermannus
952 1965 976 1997 1.
1002 1976 1031 1996 c.
1058 1976 1093 2006 p.
1119 1962 1216 2004 142,
1240 1964 1341 1996 cuius
1365 1965 1492 1997 admo-

126 2008 253 2042 nitioni
275 2008 387 2048 cessi,
419 2008 528 2041 simul
549 2005 692 2054 ἀνάγκᾳ
716 2008 831 2042 ascivi
855 2020 937 2042 cum
962 2009 1134 2053 Bergkio.
1173 2006 1306 2043 ’Έντεα
1329 2009 1492 2055 intellige

129 2054 332 2087 vehiculum.
379 2053 502 2095 SCH.]

218 2109 255 2132 v.
278 2096 360 2131 236.
409 2095 615 2141 [ἐξεπόνασ’
637 2097 861 2140 Boeckhius,
895 2099 940 2132 de
972 2109 1042 2142 qua
1073 2099 1253 2142 scriptura
1287 2099 1369 2133 vide
1394 2100 1492 2133 Her-

128 2142 251 2177 manni
275 2143 429 2186 Opuscc.
455 2143 483 2175 1.
510 2154 545 2186 p.
566 2142 664 2182 259..
699 2144 759 2186 qui
784 2144 828 2177 de
852 2144 1020 2177 molestia
1043 2144 1112 2177 dici
1138 2145 1292 2178 Pindaro
1316 2146 1492 2187 πονῆσαι,

129 2189 175 2222 de
197 2188 389 2222 efficiendo
413 2188 576 2221 πονᾶσαι
600 2193 703 2221 acute
728 2190 923 2222 admonuit.
972 2189 1059 2222 Vide
1084 2194 1204 2223 tamen
1225 2191 1423 2224 Ahrentem
1448 2191 1493 2223 de

126 2233 223 2268 nial.
248 2234 334 2267 Dor.
360 2245 395 2277 p.
421 2231 499 2266 148.
547 2234 648 2266 Idem
672 2234 898 2268 Hermannus
922 2235 1076 2278 Opuscc.
1095 2235 1169 2269 Vll.
1187 2247 1222 2279 p.
1241 2234 1318 2269 142.
1337 2235 1492 2282 ἔρεπτον

127 2290 199 2314 non
221 2280 484 2313 atu-ectandum
508 2278 620 2312 fuisse
645 2280 760 2312 docet.
809 2280 932 2323 SCH.]

220 2336 255 2359 v.
279 2322 359 2358 243.
393 2324 638 2367 [normannus
661 2325 813 2368 Opuscc.
839 2326 914 2358 vll.
941 2338 975 2369 p.
996 2324 1074 2357 142.
1098 2324 1309 2366 πράξεσθαι
1331 2326 1493 2360 futurum

128 2369 312 2414 passivum
336 2369 503 2413 requirit,
528 2381 598 2413 quo
623 2370 799 2413 pertineat
823 2372 944 2416 giossa
965 2370 1098 2403 codicis
1115 2372 1194 2404 Pal.
1216 2372 1243 2404 C
1265 2373 1493 2417 πραχθῆναι.

129 2415 283 2459 Recepit
304 2415 497 2460 Bergkius.
545 2417 591 2449 At
625 2416 799 2449 aoristum
831 2417 941 2449 medii
973 2415 1025 2449 ita
1057 2416 1216 2450 defendit
1247 2416 1494 2451 C..Ameisius

129 2460 308 2494 Annotatt.
333 2459 368 2493 in
391 2461 578 2494 Theocrit.
610 2461 804 2495 Mulhusae
829 2460 931 2495 1840.
964 2473 999 2505 p.
1025 2460 1095 2502 23„
1119 2465 1158 2494 ut
1180 2463 1307 2496 autad
1325 2464 1492 2497 Iasonem

129 2506 267 2540 relatus
288 2504 489 2550 aignificet:
516 2518 553 2539 er
575 2506 684 2549 hoffte
705 2508 812 2546 nicht,
838 2508 918 2549 dass
942 2518 978 2539 er
994 2509 1062 2548 ffir
1085 2507 1159 2539 sich
1181 2508 1237 2549 (h.
1260 2519 1291 2540 e.
1311 2519 1377 2541 suo
1394 2519 1494 2542 com-

131 2551 258 2593 modo)
282 2551 375 2584 diese
398 2551 490 2585 scine
513 2552 634 2585 Arbeit
657 2552 894 2595 durchszihren
915 2553 1045 2593 warde,
1070 2556 1132 2585 aut
1156 2553 1202 2586 ad
1216 2553 1386 2586 Aeetam:
1412 2554 1495 2597 dass

132 2606 171 2630 er
194 2596 383 2650 aielrdiese
406 2596 526 2630 Arbeit
556 2597 674 2630 warde
702 2599 882 2632 vollenden
915 2599 1039 2632 lassen.
1087 2598 1168 2631 Hoc
1190 2601 1350 2642 praestat
1371 2599 1494 2643 itaque

132 2642 907 2733 εωῗιᾎῖἓῗξῗῗῗέριοταδτὲῗὲοωαηηιιε.
933 2689 1034 2723 Idem
1044 2687 1167 2723 v.280.
1181 2688 1341 2724 δικαιᾶν.
1366 2689 1489 2733 SCH.]
