1751 2986
245 151 340 178 Lvm

243 245 330 279 satis
351 247 416 278 est.
463 241 627 286 Denique
661 243 705 276 de
731 240 889 275 carmine
923 240 980 275 Ol.
1005 241 1061 274 VI.
1093 239 1296 274 dicendum.
1352 239 1390 272 In
1427 238 1612 282 prooemio

243 307 375 351 triplex
399 305 543 350 ponitur
566 304 722 349 Agesiae
747 305 847 342 laus3
878 305 932 336 est
955 302 1245 348 Olympionices,
1278 304 1331 335 est
1353 304 1467 342 vates,
1492 303 1545 334 est
1569 311 1613 334 ex

244 368 495 403 illustrissimis
520 366 660 400 civibus
678 366 952 409 Syracusarum.
987 364 1074 397 Post
1091 363 1314 407 prooemium
1339 362 1497 406 primum
1518 361 1614 395 ludi-

244 443 343 465 cram
366 430 535 463 virtutem
554 427 624 461 viri
640 427 789 460 laudare
807 426 953 467 orditur,
978 437 1021 459 ex
1037 426 1171 459 bellica
1192 425 1298 458 laude
1319 435 1400 457 eam
1418 424 1612 465 illustrans,

242 498 319 527 tum
349 491 542 535 interponit
573 488 772 533 m5thicum
797 489 917 521 locum
954 487 998 519 de
1023 485 1242 519 vaticinandi
1267 489 1364 527 arte,
1400 488 1480 529 post
1504 496 1610 528 quem

243 565 410 588 reversus
435 553 479 586 ad
501 551 673 585 victoriae
693 549 907 594 Olympicae
930 547 1078 581 laudem
1102 547 1261 590 primum
1284 548 1408 580 orbem
1441 546 1610 580 absolvit.

243 617 371 650 Restat
402 614 545 648 tertium
584 613 618 646 in
658 611 845 655 prooemio
884 609 1095 643 nuntiatum.
1152 608 1225 642 Sed
1269 620 1378 652 quum
1421 609 1530 642 etiam
1566 609 1612 641 de

242 680 389 722 Hymno
415 681 450 710 et
468 675 589 710 Scolio
614 674 734 707 dicere
759 674 880 706 vellet.
907 683 929 705 a
953 683 992 704 se
1016 670 1122 704 factis
1141 681 1296 713 moxque
1320 670 1501 711 canendis,
1524 680 1614 702 sua-

243 740 338 774 viter
360 740 456 772 hunc
480 739 599 772 locum
619 735 815 780 praemittit
833 733 1149 779 (vorschlagend)‚
1172 736 1247 764 tum
1272 733 1418 765 demum
1436 732 1482 765 ad
1500 732 1615 776 Syra-

243 812 411 835 cusarum
443 799 589 833 laudem
623 797 721 831 venit
745 802 851 840 atque
886 797 937 830 ita
968 795 1076 829 etiam
1101 794 1267 827 ultimum
1298 793 1441 838 peragit
1476 793 1613 826 orbem.

243 864 308 897 Est
345 861 459 907 igitur
496 860 689 903 descriptio
724 858 892 893 carminis
921 859 1033 892 haec:
1071 867 1092 888 a
1111 856 1134 885 b
1155 866 1173 886 c
1200 856 1223 886 b
1245 856 1266 887 d
1285 866 1316 888 a·
1372 855 1535 889 Diximus
1568 854 1612 887 de

244 985 471 1031 περιπλοκῆς
495 983 634 1018 formis.
1065 910 1297 977 U

332 1046 526 1092 Pergimus
560 1046 606 1078 ad
637 1046 791 1078 alterum
822 1054 936 1088 genus
974 1042 1229 1086 implicationis
1264 1051 1375 1084 supra
1405 1039 1613 1080 indicatum,

245 1109 347 1142 cuius
371 1109 465 1141 haec
487 1107 622 1140 forma:
661 1115 682 1137 a
706 1105 728 1136 b
750 1115 771 1135 a
790 1103 823 1135 b·
869 1103 1028 1137 Primiuu
1054 1103 1359 1137 considerabimus
1382 1112 1529 1135 carmen
1554 1100 1610 1134 01.

245 1232 343 1267 xm.
390 1232 429 1265 In
456 1229 640 1275 prooemio
667 1241 750 1262 cum
784 1227 930 1262 victoris
955 1228 1062 1260 domo
1086 1228 1172 1260 urbs
1203 1226 1386 1261 laudanda
1407 1223 1611 1268 suscipitur.

243 1294 394 1337 Iamque
419 1293 576 1337 primum
600 1290 700 1323 urbis
723 1291 848 1324 laudes
873 1290 1009 1322 directa
1035 1289 1196 1322 oratione
1222 1288 1389 1332 explicat,
1425 1287 1514 1320 duas
1536 1285 1613 1319 eius

243 1356 395 1390 virtutes
420 1353 610 1398 primarias
628 1364 841 1396 proponens,
865 1351 994 1384 deinde
1018 1351 1063 1383 ad
1081 1350 1259 1383 familiam
1276 1349 1462 1383 victricem
1482 1347 1613 1392 pergit,

244 1421 320 1452 tum
345 1418 390 1450 ad
425 1416 525 1449 urbis
557 1415 704 1449 laudem
727 1424 894 1447 reversus
925 1413 1071 1448 fabulas
1096 1412 1215 1455 ponit,
1248 1415 1430 1456 postremo
1454 1410 1613 1443 futuram

245 1478 493 1522 Xenophontis
525 1476 716 1510 victoriam
748 1478 878 1508 tractat
911 1473 1062 1508 excitato
1095 1474 1212 1517 gentis
1244 1473 1352 1518 genio
1378 1484 1442 1516 per
1466 1472 1613 1505 laudem

245 1539 361 1586 gentis
384 1537 676 1571 illustrissimam.
723 1537 774 1570 Ac
799 1536 904 1569 docui
929 1537 962 1569 in
982 1534 1249 1569 Commentario
1270 1534 1434 1567 ultimam
1461 1537 1613 1576 partem,

245 1602 375 1636 eximie
400 1603 655 1644 praeparatam
678 1597 971 1641 Bellerophontis
995 1597 1133 1638 fabula,
1161 1596 1266 1628 simul
1288 1595 1369 1628 inde
1396 1594 1553 1638 pendere
1578 1597 1614 1626 et

244 1665 338 1697 hanc
372 1662 564 1705 explicare.
597 1679 643 1684 —
672 1660 780 1703 Pyth.
815 1659 841 1691 l.
881 1658 915 1691 in
948 1658 1124 1702 principio
1165 1662 1217 1691 est
1244 1659 1345 1691 locus
1381 1657 1425 1689 de
1456 1655 1613 1688 musices

244 1726 435 1770 praeclara
459 1723 497 1756 vi
518 1723 554 1756 in
579 1722 759 1766 Olympo,
796 1733 901 1764 quem
931 1720 1091 1763 sequitur
1120 1720 1320 1753 contrarius
1351 1720 1396 1752 de
1420 1719 1612 1763 Typlioe0‚

244 1787 389 1822 tertium
424 1784 594 1818 Hieronis
624 1785 751 1818 laudes
784 1784 883 1827 ponit
912 1782 1088 1826 principio
1118 1783 1396 1826 respondentes,
1430 1784 1611 1824 postremo

245 1847 506 1883 admonitiones
531 1857 612 1879 cum
631 1847 710 1878 loco
736 1845 780 1877 de
798 1845 977 1888 Typhoeo
1002 1845 1277 1888 componendas.
1310 1842 1613 1886 Praeparationes

246 1911 340 1955 quod
365 1910 502 1950 attinet,
528 1919 617 1940 nunc
641 1907 741 1950 ipsae
766 1906 914 1939 fabulae
938 1911 1156 1950 praeparant
1179 1905 1375 1949 sequentia,
1400 1907 1524 1947 utpote
1549 1914 1613 1936 ex-

244 1972 478 2017 plicationem
504 1970 678 2002 directam
702 1968 954 2001 desiderantes.
989 1987 1032 1992 —
1067 1969 1172 2013 Pyth.
1197 1968 1241 2000 11.
1269 1967 1304 1999 in
1328 1965 1504 2009 principio
1531 1976 1612 1998 cum

245 2034 381 2067 bellica
414 2033 521 2066 laude
550 2031 690 2065 ludicra
721 2030 876 2064 victoria
910 2029 1079 2063 Hieronis
1112 2033 1308 2069 tractatur,
1353 2040 1459 2071 quem
1490 2028 1612 2060 locum

245 2096 406 2139 sequitur
430 2094 611 2138 mythieus
636 2094 679 2126 de
703 2093 825 2126 Ixione
848 2091 1099 2137 gravissimus,
1131 2090 1392 2124 admonitiones
1418 2089 1612 2131 continens,

245 2160 482 2201 praeparatus
507 2167 571 2198 per
605 2154 867 2198 oppositionem
891 2155 1123 2187 antecedente
1158 2154 1265 2186 laude
1287 2151 1472 2186 felicitatis
1497 2155 1531 2184 et
1555 2151 1612 2184 fa-

246 2219 343 2253 voris
368 2219 538 2257 deorum,
572 2216 688 2259 posita
723 2217 767 2249 ad
794 2216 965 2260 pietatem
989 2220 1203 2260 gratumque
1228 2216 1400 2248 adversus
1426 2214 1512 2246 deos
1535 2214 1613 2247 ani-

245 2292 344 2315 mum
369 2278 702 2312 commendandum.
736 2278 828 2310 Exin
855 2279 900 2311 ad
924 2278 1050 2311 laudes
1068 2277 1271 2318 revertitur,
1296 2281 1331 2310 et
1356 2276 1389 2309 iu
1409 2276 1481 2308 fine
1501 2275 1611 2308 etiam

247 2342 506 2376 admonitiones
530 2350 642 2373 novas
665 2339 827 2379 subiicit,
853 2344 1000 2382 propter
1023 2339 1223 2383 mythicum
1250 2340 1369 2371 locum
1394 2338 1540 2381 positas.
1567 2357 1611 2362 ——-

245 2405 355 2448 Pyth.
383 2404 444 2436 lx.
478 2403 513 2436 iu
545 2401 730 2445 prooemio
762 2405 950 2444 postquam
984 2388 1160 2432 nuntiavit
1190 2399 1425 2433 Telesicratis
1456 2399 1611 2432 cursoris

249 2464 438 2510 Cyrenaici
462 2465 620 2503 laudem,
647 2475 754 2506 quem
771 2462 891 2495 statim
909 2462 1032 2505 paucis
1050 2462 1206 2505 praeviis
1222 2462 1344 2495 verbis
1369 2466 1472 2495 ornat
1490 2461 1612 2503 etiam,

246 2527 438 2570 interponit
471 2525 635 2558 fabulam
669 2526 713 2557 (le
737 2525 900 2568 Cyrena,
934 2528 1009 2556 tum
1034 2524 1079 2557 ad
1104 2523 1241 2557 initium
1266 2534 1432 2555 reversus
1455 2522 1614 2556 absolvit

248 2589 401 2633 primam
436 2592 594 2631 partem,
628 2586 785 2621 ludicras
816 2584 987 2618 victorias
1019 2585 1087 2618 viri
1109 2585 1291 2619 uberrime
1324 2594 1515 2628 exponens·
1570 2584 1610 2617 lu

248 2652 320 2686 fine
343 2661 474 2685 novam
506 2650 674 2684 fabulam
705 2647 849 2682 subiicit
880 2647 924 2681 de
949 2647 1160 2681 Alexidamo
1188 2658 1322 2691 proavo
1349 2658 1512 2688 cursore,
1550 2645 1610 2689 qui
