1751 2986
1322 89 1481 117 Lxxxvu

118 177 228 221 τιμῆς
248 175 391 222 ὁτολλήν
413 177 630 222 περιουσίαν
654 179 755 223 ἔσχεν
782 178 819 214 ἐν
831 176 1012 223 Ἕλλησιν.
1058 177 1236 214 Ἀπόλλων
1256 180 1350 223 γοῦν
1373 178 1482 225 οὕτω,

119 238 244 281 φασίν,
270 235 388 273 αὐτὸν
413 237 541 282 ἐφίλει,
567 237 617 279 αἱς
648 239 711 274 καὶ
734 242 868 286 μερίδα
891 238 1091 286 λαμβάνειν
1116 239 1154 274 ἐκ
1182 241 1257 275 τῶν
1280 243 1480 287 θυομένου

116 298 242 345 ἐκείνῳ
266 298 331 335 καὶ
353 297 420 335 τὸν
444 297 545 346 ἱερέα
568 299 609 335 δὲ
633 301 727 346 βοᾶν
759 301 798 337 ἐν
821 305 903 343 ταῖς
926 303 1098 342 θυσίαις·
1130 302 1372 349 Πίνδαρος
1405 304 1480 340 ἐπὶ

117 358 166 395 ἑὸ
192 358 394 396 δεῖπνον
415 360 478 407 τῷ
500 362 608 407 θεῷ.
655 362 731 397 Καὶ
756 362 892 404 ἄλλως·
930 364 1174 409 Πίνδαρος
1206 364 1287 399 ἴτω
1320 364 1395 401 ἐπὶ
1430 365 1479 401 τὸ

115 420 323 456 astutum
352 422 438 458 τοῦ
465 424 596 459 θεοῦ.
653 423 761 459 Κατὰ
795 425 836 461 δὲ
868 424 1003 466 ἄλλους
1031 425 1071 460 ἐν
1095 428 1258 470 Δελφοῖς
1291 428 1426 462 κλείειν
1459 427 1480 464 ὁ

114 479 299 529 νεωιᾶόρος
328 483 467 528 μέλλων
497 483 565 520 ἐὸν
594 485 690 521 νεών
714 485 884 532 κηρύσσει
917 487 1007 521 καθ’
1035 484 1194 532 ἡμέραν·
1236 489 1481 534 Πίνδαρος

112 543 133 580 ὁ
157 546 468 589 μουσοποιὸς
500 547 680 592 παρίτω
716 548 832 593 πρὸς
857 547 906 582 τὸ
935 550 1136 583 δεῖπνον
1169 550 1229 596 τῷ
1251 551 1359 597 θεῷ.
1405 551 1479 585 Eo-

111 607 194 640 dem
224 607 388 641 feruntur
417 609 516 643 Vrat.
548 621 583 653 p.
608 608 642 642 9.
675 609 808 645 Thom.
842 621 877 654 p.
901 609 935 643 4.
992 610 1152 654 ineptius
1182 612 1288 646 Metr.
1316 612 1371 646 17.
1407 613 1481 648 cibi

109 668 253 713 vinique
287 669 468 713 portiones
500 682 644 715 semper
666 672 818 716 Delphis
841 673 991 706 Thebas
1023 672 1153 705 missas
1188 673 1480 708 comminiscitur.

110 729 233 774 Neque
265 731 353 764 satis
383 731 621 775 probabiliter
652 734 758 766 Paus.
783 733 851 775 IX,
883 733 948 775 20,
973 733 1012 766 2:
1049 730 1338 778 Εὕδοκιμοῦντα
1362 732 1479 770 αὐτὸν

109 787 184 835 ἤδη
207 788 282 825 α’νὰ
304 792 430 826 πᾶσαν
453 791 523 837 τὴν
544 789 702 828 Ἑλλάδα
726 793 762 833 ἐς
784 792 896 828 πλέον
920 792 1032 837 δόξης
1055 789 1145 840 ῇρεν
1168 793 1192 839 ἦ
1219 797 1351 830 Πυθία
1376 793 1479 831 ἀνει-

107 852 232 888 ποῦσα
249 855 420 898 Δελφοῖς,
444 852 594 890 ὁπόσων
618 851 830 901 ἀπήρχοντο
854 857 905 901 τῷ
923 853 1129 899 Ἀπόλλωνι,
1152 859 1288 902 μοῖραν
1310 858 1362 902 τῷ
1381 860 1478 891 Πιν-

106 911 211 960 δάρῳ
233 913 304 960 τὴν
328 915 413 959 ἴσην
436 914 616 952 ἁπάντων
640 916 773 961 νέμειν.
828 917 1039 951 Accuratius
1069 917 1194 960 reique
1217 922 1368 952 naturae
1393 929 1478 952 con-

106 980 277 1022 gruenter
298 978 515 1012 Plutarchus
549 978 595 1011 de
629 979 708 1012 Ser.
732 978 837 1012 Num.
862 979 964 1013 Vind.
989 979 1046 1013 13.
1083 979 1196 1013 refert
1229 980 1401 1024 Pythiam
1432 981 1478 1014 de

105 1033 400 1072 Theoxeniorum
424 1039 540 1083 epulis
563 1039 718 1087 Pindaro
745 1041 944 1085 portionem
970 1041 1047 1075 dari
1072 1041 1238 1084 iussisse,
1276 1053 1382 1085 quem
1407 1041 1477 1075 ho—

104 1110 231 1134 norem
254 1101 301 1135 ad
326 1105 488 1145 posteros
512 1105 641 1145 poetae
666 1102 835 1136 durasse:
868 1100 1136 1146 Ἀναμνήσθητι
1172 1103 1248 1137 τῶν
1273 1103 1478 1144 Θεοξενίων

105 1155 168 1197 καὶ
199 1163 266 1207 τῆς
298 1164 414 1207 καλῆς
439 1162 584 1207 ἐκείνης’
600 1164 767 1209 μερίδος,
802 1162 849 1209 ἣν
883 1162 1136 1210 ἀφαιροῦντες
1167 1163 1257 1203 τοὺς
1283 1163 1476 1210 Πινδάρου

104 1222 329 1269 κηρύττουσι
353 1224 554 1269 λαμβάνειν
579 1223 799 1268 ἀπογόνους.
848 1228 947 1270 Quos
973 1225 1185 1269 ἀπογόνους
1202 1225 1351 1260 Pindari
1375 1236 1475 1259 erra-

103 1285 198 1319 verit
229 1285 291 1329 qui
321 1296 403 1320 cum
436 1287 658 1321 Prellero
695 1288 742 1320 ad
773 1288 958 1321 Polemon.
996 1299 1030 1331 p.
1065 1287 1122 1321 68.
1157 1299 1238 1320 cum
1270 1286 1475 1330 ἀπογόνοις

101 1344 265 1393 Ὁμήρου
292 1349 554 1391 comparandos
578 1348 730 1391 putabit,
756 1348 823 1382 nisi
846 1349 940 1381 forte
966 1348 1135 1381 Arrhiani
1159 1348 1405 1381 narrationem
1430 1348 1476 1381 de

103 1409 256 1453 posteris
287 1413 417 1452 poetae
450 1410 496 1443 ab
529 1410 731 1443 Alexandro
767 1411 962 1443 clementer
993 1409 1126 1442 habitis
1167 1410 1295 1443 eodem
1327 1409 1475 1443 modulo

103 1464 306 1505 metiemur.

194 1531 344 1564 Poetam
367 1531 531 1574 Delphos
556 1532 802 1576 frequentasse
828 1531 988 1563 carmina
1013 1532 1213 1573 loquuntur.
1260 1531 1400 1565 Habuit
1422 1531 1475 1565 ibi

100 1593 229 1628 sellam
253 1593 432 1634 ferream,
466 1593 502 1626 in
527 1604 611 1636 qua,
635 1593 773 1637 quoties
797 1593 960 1636 Delphos
984 1592 1167 1634 inviseret,
1193 1578 1356 1626 cantaret
1380 1603 1474 1636 quae

100 1655 136 1689 in
166 1654 371 1699 Apollinem
401 1654 600 1700 pepigisset
633 1655 815 1694 carmina;
847 1666 881 1687 v.
913 1655 1020 1688 Paus.
1046 1655 1096 1696 X,
1120 1653 1186 1696 24,
1209 1653 1243 1687 4.
1302 1654 1473 1688 Carmina

101 1716 198 1751 enim
221 1715 455 1750 sacrificabat
477 1717 576 1759 Deo,
601 1717 732 1761 quippe
758 1714 909 1751 ἄκαπνα
930 1713 1051 1757 θύων,
1077 1720 1114 1749 ut
1138 1721 1268 1759 poeta:
1295 1727 1364 1759 quo
1388 1727 1472 1759 spe-

101 1783 175 1814 ctat
198 1778 333 1813 dictum
357 1779 435 1812 eius
460 1779 555 1822 apud
581 1781 745 1813 Eustath.
771 1779 827 1812 31.
856 1790 889 1821 p.
916 1777 981 1811 23:
1014 1775 1181 1820 Δελφόσε
1207 1776 1410 1820 ἐρωτηθεὶς
1436 1777 1472 1810 τί

99 1840 253 1885 πάρεστι
276 1839 428 1884 θύσων,
467 1842 658 1875 Παιᾶνα
684 1839 773 1875 εἷπε.
834 1839 952 1873 Simul
984 1840 1074 1872 sella
1099 1839 1162 1872 illa
1187 1838 1309 1882 arguit
1343 1837 1470 1870 rudem

100 1905 223 1935 cantus
264 1902 548 1946 haudquaquam
580 1903 691 1936 fuisse
725 1902 941 1940 Pindarum,
977 1902 1072 1943 quod
1105 1911 1219 1943 prave
1254 1911 1296 1932 ex
1328 1910 1369 1932 re
1402 1910 1471 1931 non

99 1963 184 1998 satis
208 1967 401 2008 perspecta
424 1964 672 1997 confinxerunt
695 1968 858 2003 veteres3
882 1975 917 1995 v.
944 1962 1111 1994 Eustath.
1138 1963 1161 1994 l.
1188 1972 1217 1992 c.
1245 1972 1280 2003 p.
1303 1959 1360 1992 24.

188 2026 372 2059 Hactenus
405 2026 450 2058 de
474 2024 628 2057 Pindaro
662 2026 797 2057 cultore
831 2025 992 2056 deorum.
1041 2024 1179 2063 Restat,
1205 2024 1242 2054 ut
1267 2021 1469 2061 videamus,

99 2087 278 2130 quomodo
315 2098 396 2118 cum
418 2085 625 2118 hominibus
658 2096 745 2117 suae
770 2084 898 2117 aetatis
923 2087 1088 2117 versatus
1111 2083 1167 2116 sit.
1215 2083 1297 2115 Mos
1321 2082 1389 2116 fuit
1411 2083 1468 2126 ly-

97 2147 255 2180 ricorum
295 2151 485 2190 poetarum
525 2157 648 2179 omnes
682 2146 860 2179 Graeciae
892 2150 1008 2178 terras
1047 2154 1266 2188 peragrare,
1309 2146 1348 2175 ut
1382 2143 1469 2175 deos

96 2207 332 2251 hominesque
364 2207 563 2240 carminum
596 2213 741 2239 suorum
781 2207 969 2240 dulcedine
1002 2207 1285 2251 permulcerent‚
1323 2203 1400 2236 sive
1432 2203 1468 2236 in

95 2268 252 2314 publicis
287 2268 488 2302 civitatium
521 2267 741 2302 solemnibus
771 2268 849 2302 sive
891 2269 926 2302 in
960 2269 1110 2312 privatis
1143 2265 1465 2301 comissationibus.

97 2331 202 2364 Dona
226 2333 261 2364 et
285 2341 435 2364 munera
459 2330 626 2374 accipere
661 2335 696 2363 et
718 2331 777 2363 vel
803 2334 939 2363 certam
970 2330 1159 2373 pecuniam
1184 2339 1250 2373 pro
1275 2327 1467 2372 pangendo

97 2391 259 2426 carmine
282 2392 419 2436 pacisci
443 2393 533 2427 citra
554 2392 726 2426 invidiam
750 2391 829 2424 fuit.
879 2392 999 2435 Opera
1025 2392 1119 2424 enim
1144 2394 1331 2434 poetarum
1349 2389 1466 2421 Grae-

97 2453 149 2487 cis
180 2453 387 2488 hominibus
421 2454 457 2488 in
490 2455 588 2489 vitae
621 2454 848 2498 quotidianae
871 2454 994 2487 usibus
1021 2453 1245 2497 ponebantur
1269 2455 1304 2484 et
1327 2455 1366 2484 ut
1388 2461 1465 2483 mc-

97 2515 170 2550 dici
191 2519 227 2550 et
249 2515 427 2559 technici,
461 2517 513 2551 ita
538 2516 706 2556 τέκτονες
728 2512 855 2560 ὕμνων
881 2515 1163 2549 accensebantur
1185 2516 1264 2553 τοῖς
1287 2514 1464 2557 δημιουρ·-

95 2578 187 2619 γοῖς.
248 2577 426 2612 Pindarus
463 2578 499 2612 in
537 2579 631 2612 hanc
671 2579 962 2612 consuetudinem
1008 2576 1137 2610 aetatis
1177 2586 1263 2609 suae
1303 2572 1464 2608 suaviter

96 2637 236 2675 ineatur
273 2638 403 2674 Isthm.
434 2640 480 2673 11.
520 2639 595 2674 init.
651 2639 726 2674 Nec
764 2638 1106 2684 turpilucricupidus
1148 2637 1361 2670 censebatur
1402 2633 1463 2678 qui
