1751 2986
1369 153 1434 180 mx

71 256 184 290 quum
207 245 460 280 honestissimo
483 245 678 280 certamine
704 245 912 291 coniugium
930 245 1216 291 pulcherrimum
1231 245 1301 281 sibi
1325 257 1434 291 para-

68 307 172 350 verit,
196 308 291 342 haec
313 319 373 342 res
397 307 613 343 Telesicrati
637 309 827 352 augurium
857 312 909 342 est
932 308 1061 342 similis
1079 308 1262 342 felicitatis
1282 309 1433 342 honesto

68 370 176 404 modo
210 371 404 414 parandae.
467 370 528 404 Sic
558 371 651 403 haec
682 369 808 403 fabula
848 369 1013 413 opposita
1048 374 1101 403 est
1133 370 1356 404 antecedenti
1388 371 1434 404 de

68 431 209 475 cyrena
235 432 384 475 eiusque
410 433 599 466 consilium
617 430 783 475 explicat,
808 435 966 464 ceterum
983 432 1143 465 suaviter
1160 431 1268 465 etiam
1287 431 1433 476 gymni-

68 503 149 526 cam
173 494 318 527 laudem
338 494 531 528 continens.
556 513 602 519 —
625 494 728 527 Nem.
753 493 845 526 vul.
879 493 1086 537 praemissis
1109 494 1242 526 amoris
1266 493 1432 527 laudibus

68 565 133 598 per
156 555 454 599 supplicationem
477 555 589 588 Aeaci
614 555 659 588 ad
676 554 813 588 Dinidis
837 556 1012 589 ludicram
1036 555 1225 588 victoriam
1252 556 1432 599 patrisque

68 616 177 658 venit,
203 628 310 660 quam
334 629 413 650 rem
438 617 597 651 absolvit
621 617 655 650 in
680 616 764 656 fine,
788 617 973 650 interiecto
997 616 1069 650 alio
1095 618 1175 650 loco
1200 617 1361 662 mythico
1388 619 1432 651 de

65 677 215 711 invidia.
269 679 385 722 Atque
419 684 456 712 ut
480 679 639 712 ludicrae
670 679 795 711 laudes
831 676 863 709 in
889 677 1007 709 medio
1041 678 1200 711 carmine
1232 683 1266 712 et
1300 679 1334 712 iu
1359 680 1431 713 fine

65 738 134 772 sibi
160 741 387 783 respondent,
411 740 462 772 sic
480 739 631 783 mythici
657 740 699 771 dc
718 750 841 771 amore
863 742 898 771 et
924 738 967 771 de
989 738 1120 772 invidia
1141 740 1213 773 Ioci
1234 752 1297 784 per
1317 752 1431 785 oppo-

65 799 231 833 sitionem
261 800 495 844 componendi
532 804 632 841 sunt,
674 805 714 833 ut
744 800 778 832 in
812 799 1077 832 Commentario
1109 802 1225 834 docui.
1281 803 1431 837 Attende

66 860 218 904 denique
242 862 288 895 ad
313 862 410 896 aliud
428 861 634 895 artificium.
682 861 918 904 Praeparatio
938 861 1104 906 legitima
1124 863 1292 897 carminis
1311 869 1361 898 est
1381 865 1431 898 ibi

64 921 231 963 demum,
255 923 317 956 ubi
339 923 492 957 victoria
515 923 653 957 ludicra
678 923 813 956 Dinidis
840 923 994 966 primum
1028 928 1270 964 memoratur;
1307 925 1430 968 priora

65 987 146 1017 ante
172 985 486 1028 praeparationem
513 985 691 1018 collocata
715 988 796 1018 sunt
822 984 1162 1028 (vorgcschlagen).
1217 984 1303 1018 Mox
1328 987 1430 1019 locus

64 1045 109 1079 de
131 1045 268 1080 invidia
289 1051 411 1091 utpote
438 1047 664 1090 interpositus
688 1046 875 1080 disertiore
901 1045 1177 1090 praeparatione
1203 1057 1272 1079 non
1298 1048 1430 1092 egebat

63 1107 288 1150 necessario,
323 1120 415 1141 nunc
439 1112 558 1142 autem
584 1108 744 1141 suaviter
766 1108 844 1151 ipsa
869 1107 1091 1151 oppositione
1116 1107 1249 1141 amoris
1274 1120 1430 1153 praepa-

62 1170 161 1201 ratus
185 1171 251 1209 est,
276 1172 311 1202 et
335 1170 429 1202 hane
453 1169 621 1213 explicat.
649 1189 687 1194 —
722 1169 911 1202 Postremo
936 1181 1080 1202 carmen
1106 1170 1210 1214 Pyth.
1236 1171 1292 1203 lv.
1328 1184 1428 1205 coin-

63 1231 336 1263 m'emorandum
360 1235 413 1264 est
436 1232 507 1265 hoc
531 1233 625 1265 loco.
681 1231 721 1264 In
746 1232 929 1275 prooemio
953 1231 1070 1264 maius
1106 1243 1251 1266 carmen
1278 1234 1428 1277 promit-

62 1291 147 1325 titur
171 1291 239 1325 diis
262 1292 470 1336 Delphicis,
506 1293 566 1336 qui
590 1296 733 1336 practer
757 1303 925 1325 coronam
950 1304 1073 1325 recens
1099 1293 1221 1327 datam
1245 1295 1428 1330 Arcesilan

62 1353 148 1387 olim
174 1357 358 1387 auctorem
383 1355 499 1399 gentis
524 1355 671 1387 Battum
698 1355 844 1387 oraculo
869 1354 902 1387 in
928 1354 1086 1398 Libyam
1110 1354 1282 1398 miserint,
1309 1361 1346 1390 ut
1368 1369 1428 1392 ra-

61 1417 138 1448 tum
162 1414 268 1448 fieret
290 1415 444 1449 Medeae
467 1415 690 1449 vaticinium.
739 1415 798 1449 Sic
828 1415 983 1458 primum
1008 1415 1079 1448 hoc
1104 1418 1209 1459 quale
1234 1418 1342 1452 fuerit
1365 1431 1428 1453 ex-

62 1475 193 1520 plicat;
224 1476 452 1520 praedixerat
474 1478 606 1510 Medea
640 1488 746 1521 reges
781 1476 920 1509 futuros
946 1476 1083 1520 Libyae
1102 1479 1357 1521 ·Euphemidas
1391 1482 1426 1515 in

62 1536 142 1581 ipso
166 1537 283 1571 reditu
306 1538 593 1582 Argonautarum
617 1538 652 1571 in
677 1538 810 1571 Lemno
835 1539 952 1571 lucem
977 1537 1127 1572 visuros.
1175 1540 1255 1582 Qua
1280 1553 1318 1575 re
1343 1554 1425 1576 nar-

61 1602 143 1632 rata
165 1602 272 1642 poeta
295 1600 341 1632 ad
364 1599 503 1633 initium
527 1598 619 1631 redit
643 1602 678 1632 et
702 1598 860 1642 primum
888 1599 1014 1631 orbem
1039 1600 1205 1635 absolvit.
1241 1603 1312 1636 Sed
1337 1604 1426 1638 illud

61 1659 213 1693 Medeae
246 1660 456 1708 vaticinium
489 1661 628 1704 primae
660 1660 753 1704 parti
782 1661 955 1694 insertum
988 1667 1181 1705 praeparat
1216 1671 1425 1708 sequentem

60 1724 222 1765 partem3
255 1722 415 1755 narratio
447 1722 490 1755 de
523 1721 748 1765 expeditione
771 1722 1061 1767 Argonautarum
1094 1724 1246 1758 nectitur
1276 1738 1318 1759 ex
1355 1728 1427 1761 illis

60 1782 184 1817 verbis
205 1783 438 1826 videmusque
470 1783 506 1816 in
532 1782 603 1816 fine
627 1783 704 1817 eius
733 1794 862 1817 revera
893 1788 990 1816 satos
1014 1783 1048 1816 in
1069 1784 1205 1819 Lemno
1227 1788 1427 1831 Euphemi-

61 1843 138 1878 das.
184 1843 307 1887 Neque
333 1848 452 1878 tamen
478 1844 538 1877 hic
560 1845 645 1879 finis
669 1844 859 1885 carminis;
885 1845 1070 1889 proposita
1094 1852 1172 1881 erat
1194 1848 1229 1881 in
1255 1849 1319 1883 illa
1343 1862 1426 1884 nar-

60 1905 198 1939 ratione
227 1904 367 1938 Iasonis
392 1896 605 1950 descriptio,
639 1917 731 1950 quae
766 1918 836 1950 quo
860 1911 997 1950 spectet
1020 1911 1131 1941 restat
1155 1913 1193 1942 ut
1215 1911 1424 1953 explicetur.

59 1966 174 2010 Atque
199 1967 271 2000 hoc
293 1967 335 2000 fit
357 1967 391 2000 in
417 1968 514 2002 exitu
537 1968 675 2002 directa
699 1969 872 2002 oratione.
930 1968 991 2002 Sic
1025 1968 1149 2002 tertius
1179 1981 1301 2003 rerum
1326 1973 1425 2006 orbis

61 2028 271 2062 absolvitur.
323 2029 482 2063 Schema
512 2029 622 2074 igitur
653 2030 723 2062 hoc
758 2033 828 2063 est:
858 2041 880 2063 a
903 2030 927 2061 b
951 2040 972 2062 a
1000 2040 1018 2061 c
1042 2031 1065 2063 b
1086 2040 1113 2060 c·
1157 2030 1209 2064 Ac
1233 2044 1341 2075 quum
1365 2045 1424 2068 se-

854 2085 1109 2137 'Cy—W

62 2151 217 2186 cundum
232 2154 434 2196 temporum
451 2152 626 2186 rationem
644 2153 787 2186 inverso
804 2152 927 2185 ordine
938 2134 1136 2189 diffindam
1154 2155 1291 2199 fuisset,
1310 2158 1423 2201 vides,

61 2213 240 2258 quomodo
265 2213 407 2257 poetica
431 2213 550 2247 forma
575 2214 719 2247 differat
742 2224 764 2247 a
784 2214 939 2258 vulgari.
985 2217 1089 2250 Haec
1113 2218 1257 2261 quidem
1283 2220 1326 2253 de
1353 2221 1424 2254 hoc

60 2285 208 2320 genere.
254 2274 501 2318 Explicuimus
525 2275 730 2308 usitatiores
752 2274 891 2308 formas
916 2287 1051 2311 omnes,

149 2335 290 2377 Restat,
314 2339 351 2369 ut
369 2335 571 2379 peculiares
595 2336 731 2378 aliquot
752 2335 889 2369 formas
908 2337 1062 2373 indicem
1082 2352 1125 2374 ex
1144 2340 1425 2386 simplicioribus

61 2396 288 2441 compositas.
338 2397 461 2431 Prima
490 2398 582 2430 haec
607 2401 694 2431 est:,
715 2407 736 2429 a
754 2395 777 2427 b
798 2408 816 2429 c
836 2409 856 2431 a
874 2399 908 2430 b·
944 2401 1046 2434 Nem.
1074 2403 1135 2436 111.
1168 2403 1204 2437 in
1236 2406 1422 2449 prooemio

60 2519 169 2554 Musa
193 2520 378 2563 excitatur,
410 2524 449 2555 ut
472 2524 660 2566 praesente
682 2524 865 2559 Nemeaeo
899 2525 991 2559 festo
1027 2525 1062 2559 in
1085 2526 1264 2572 Aeginam
1287 2529 1421 2573 tendat,

60 2581 123 2615 ubi
147 2592 293 2616 carmen
317 2587 542 2626 exspectetur
565 2585 739 2620 victoriae
770 2587 930 2621 ludicrae
955 2592 1215 2622 ornamentum.
1271 2590 1322 2623 Ac
1346 2591 1421 2634 pri-

60 2653 162 2677 mum
185 2655 208 2678 a
223 2644 321 2679 Iovis
336 2645 442 2679 laude
458 2645 606 2690 orditur,
631 2652 851 2692 praeparata
876 2651 911 2682 et
934 2649 1095 2683 nuntiata
1119 2662 1184 2694 per
1205 2651 1422 2686 mentionem
