1751 2986
314 220 372 260 Ac
390 219 517 258 laetus
540 216 752 255 etiamnum
775 214 968 266 temporis
1000 214 1105 252 illius
1138 214 1330 253 recordor
1358 219 1400 254 et
1428 215 1670 264 sermonum,

314 296 414 335 quos
453 281 613 320 iuvenili
649 281 792 318 ardore
830 279 979 317 incensi
1007 279 1058 317 de
1084 279 1198 329 poesi
1225 283 1404 317 veterum
1433 284 1473 318 et
1501 281 1552 318 de
1580 279 1671 318 Pla-

315 348 421 386 tonis
451 350 538 385 arte
566 345 845 383 miscebamus.
900 343 1004 382 Tum
1036 347 1145 389 erat,
1177 356 1297 393 quum
1327 343 1477 381 socium
1507 357 1571 382 me
1600 356 1672 394 po-

318 411 487 450 stulares
510 409 681 460 primum
699 409 737 446 in
761 408 1026 458 explicatione
1051 406 1227 454 Pindari,
1259 419 1375 456 quam
1402 392 1671 454 meditabaris,

317 481 362 514 ut
382 476 501 514 etiam
524 473 683 524 publice
704 475 881 510 exstaret
903 471 1099 509 amicitiae
1128 476 1168 508 et
1197 471 1417 509 studiorum
1446 477 1674 510 nostrorum

319 538 584 578 communium
614 536 903 574 documentum.
959 534 1152 573 Nolebam
1186 547 1431 586 repugnare,
1461 536 1538 574 etsi
1566 536 1674 574 vide-

318 604 407 642 bam
437 606 627 652 quantum
656 600 833 638 doctrina
862 604 902 650 et
930 599 1110 636 acumine
1138 612 1202 637 me
1233 611 1467 649 superares3
1499 600 1571 638 sed
1598 611 1677 638 non

319 671 494 719 poteram
534 664 730 702 amicitiae
771 663 882 701 Tuae
911 675 1095 701 recusare
1125 663 1361 714 quidquam,
1399 667 1441 701 et
1469 662 1677 714 sperabam

322 731 505 770 utilitatis
543 742 588 766 ac
627 728 842 779 voluptatis
881 726 1094 777 plurimum
1134 740 1182 765 ex
1212 728 1290 764 hoc
1320 727 1518 765 communi
1547 726 1679 764 studio

320 800 465 846 poetae
493 794 531 832 in
570 806 634 830 me
663 792 988 830 redundaturum.
1044 790 1111 828 Sic
1138 790 1225 828 illas
1247 790 1546 841 Explicationes
1581 789 1679 828 scri-

320 860 471 910 psimus
494 856 676 896 antelios
698 868 837 893 novem
855 867 976 893 annos
1003 855 1142 902 editas,
1171 867 1249 892 uno
1269 856 1411 900 animo,
1442 855 1581 893 eadem
1610 853 1680 891 ad-

321 922 528 960 miratione
551 924 694 972 poetae
725 920 844 966 ducti,
878 919 1019 970 quibus
1038 917 1101 956 Tu
1131 918 1288 969 quidem
1318 923 1446 957 tantas
1477 919 1682 957 doctrinae

322 986 458 1037 copias
497 985 697 1030 effudisti,
736 988 779 1021 ut
818 988 909 1033 post
938 983 1098 1021 Scholia
1129 982 1289 1032 antiqua
1318 983 1407 1033 plus
1436 984 1474 1021 in
1502 982 1581 1020 hoc
1608 993 1683 1033 ge—

321 1062 417 1087 nere
454 1061 531 1087 non
568 1049 619 1086 sit
660 1048 709 1086 ad
739 1047 952 1085 Pindarum
981 1046 1140 1084 allatum
1171 1059 1193 1084 a
1222 1059 1419 1097 quoquam
1446 1046 1681 1097 interprete.

322 1113 465 1163 Neque
493 1118 626 1150 tamen
655 1116 746 1163 post
774 1110 872 1148 hacc
901 1111 1198 1162 deponebamus
1227 1116 1371 1161 poetae
1399 1110 1597 1157 studium;
1625 1109 1684 1146 vi-

322 1177 514 1215 debamus
553 1177 679 1214 varias
708 1187 797 1213 esse
826 1174 1105 1222 difficultates,
1143 1175 1285 1224 quibus
1324 1174 1497 1212 nondum
1527 1172 1685 1212 satisfa-

324 1245 433 1279 ctum
463 1244 584 1287 esset,
614 1244 654 1277 et
683 1238 1016 1290 quemadmodum
1047 1239 1133 1276 aliis
1163 1238 1405 1276 acutioribus
1436 1238 1561 1276 multa
1587 1237 1685 1276 reli-

325 1305 549 1354 quissemus
584 1303 843 1349 invenienda,
886 1303 942 1340 sic
982 1303 1100 1340 etiam
1137 1303 1248 1340 nobis
1278 1302 1536 1353 sperabamus
1564 1313 1686 1339 novas

324 1369 391 1406 hic
418 1368 501 1405 illic
530 1367 813 1418 explicationes
846 1366 1022 1403 oblatum
1053 1366 1116 1406 iri.
1186 1366 1318 1415 Quum
1347 1366 1470 1417 igitur
1497 1368 1588 1403 ante
1616 1363 1687 1402 ali-

325 1437 422 1482 quot
450 1440 570 1470 annos
601 1431 775 1468 editores
804 1429 1051 1467 celeberrimi
1073 1430 1344 1466 Bibliothecae
1365 1428 1557 1474 Graecae,
1587 1439 1688 1477 quae

327 1495 488 1534 Gothae
516 1500 692 1544 paratur,
723 1505 744 1529 a
774 1505 838 1530 me
866 1491 1142 1541 postularent,
1172 1497 1215 1529 ut
1243 1492 1455 1529 Pindarum
1483 1490 1688 1529 illustran-

328 1559 421 1598 dum
448 1558 708 1608 suspicer-em,
737 1555 934 1605 simulque
962 1560 1128 1605 propter
1157 1554 1416 1592 difficultates
1448 1559 1589 1606 poetae
1618 1556 1688 1593 be-

328 1624 448 1673 nigne
487 1621 784 1672 permitterent,
827 1624 869 1656 ut
897 1631 986 1656 meo
1017 1632 1128 1657 more
1155 1632 1314 1669 agerem
1346 1623 1384 1656 et
1413 1631 1513 1668 quae
1541 1619 1590 1656 ad
1620 1630 1689 1657 ex-

329 1687 584 1738 plicationem
625 1684 735 1721 utilia
774 1683 991 1720 iudicarem
1033 1683 1218 1721 afferrem
1257 1682 1411 1730 omnia,
1448 1682 1555 1720 hand
1593 1695 1690 1720 cun—

331 1753 485 1788 ctanter
514 1749 634 1787 etiam
657 1747 745 1785 Tuo
774 1747 934 1785 hortatu
962 1752 1166 1797 permotus
1196 1747 1362 1798 promisi
1391 1759 1492 1790 rem,
1524 1750 1565 1784 et
1593 1759 1691 1797 per-

332 1813 520 1852 fecissem
551 1811 660 1863 prius
689 1823 788 1862 opus
818 1815 1062 1861 susceptum,
1092 1811 1167 1849 nisi
1195 1809 1429 1849 valetudinis
1458 1810 1692 1849 infirmitate

330 1878 372 1916 in
408 1877 544 1915 labore
581 1875 807 1913 retardatus
845 1887 990 1913 essem.
1067 1875 1216 1925 Accipe
1255 1887 1357 1913 nunc
1396 1874 1488 1925 quid
1527 1874 1691 1925 egerim.

331 1941 505 1980 Primum
535 1939 750 1978 editionem
781 1939 974 1977 minorem
1005 1944 1198 1990 sequutus
1230 1952 1332 1983 sum,
1362 1951 1478 1988 quam
1508 1944 1597 1976 ante
1620 1938 1692 1975 ali-

333 2009 428 2057 quot
457 2017 578 2043 annos
608 2003 711 2053 apud
737 2003 977 2053 Weigenum
1006 2003 1166 2042 edidisti
1194 2003 1497 2050 limatissimam‚
1525 2003 1693 2040 servatis

333 2070 452 2108 etiam
489 2072 704 2105 metrorum
744 2066 958 2106 schematis
988 2081 1009 2106 a
1038 2067 1099 2106 Te
1128 2067 1341 2114 confectis3
1379 2066 1453 2104 sub
1482 2070 1594 2105 textu
1625 2079 1694 2105 au-

333 2138 416 2171 tem
444 2131 735 2170 annotationem
766 2131 942 2169 criticam
973 2131 1023 2169 de
1051 2144 1140 2169 meo
1170 2132 1310 2183 posui,
1340 2131 1534 2169 lectiones
1564 2130 1694 2182 potio-

334 2209 400 2235 res
439 2195 637 2242 indicans,
685 2207 786 2244 quae
822 2200 913 2233 ante
942 2195 1003 2234 Te
1041 2196 1201 2234 habitae
1240 2199 1395 2243 essent,
1426 2199 1546 2244 atque
1574 2193 1693 2232 etiam

335 2273 435 2311 quae
455 2259 552 2297 mihi
575 2258 705 2296 adhuc
735 2259 1016 2298 emendatione
1044 2272 1163 2311 egere
1190 2259 1431 2297 viderentur.
1481 2257 1695 2295 Commen-

333 2325 423 2363 tarii
451 2328 595 2369 autem,
624 2335 741 2372 quem
772 2324 936 2374 scripsi,
967 2324 1068 2361 haec
1097 2323 1195 2359 ratio
1226 2325 1310 2360 est:
1339 2320 1528 2371 praemisi
1559 2320 1694 2372 singu-

335 2389 384 2426 lis
420 2387 658 2425 carminibus
694 2387 1058 2436 Introductionem,
1100 2386 1136 2423 in
1167 2398 1243 2435 qua
1271 2389 1361 2435 post
1389 2384 1600 2423 historicas
1629 2396 1695 2422 res

334 2451 528 2490 indicatas
564 2452 733 2500 primum
773 2457 1048 2502 argumentum
1086 2450 1263 2496 narravi,
1303 2449 1423 2498 idque
1460 2448 1696 2499 plerumque

334 2515 538 2568 prolixiuS,
567 2520 622 2562 ut,
655 2527 774 2565 quum
799 2515 928 2552 versio
948 2514 1086 2552 Latina
1115 2513 1271 2551 adiecta
1299 2524 1377 2551 non
1407 2512 1458 2550 sit
1485 2512 1579 2551 huic
1608 2511 1695 2550 edi-

334 2580 443 2627 tioni,
473 2579 528 2617 ita
549 2591 685 2617 eorum
711 2579 848 2618 usibus
878 2577 1170 2628 quodammodo
1197 2589 1487 2622 succurrerem,
1518 2575 1584 2626 qui
1607 2587 1695 2613 ver-

334 2644 512 2683 sionibus
550 2655 670 2696 aegre
710 2648 868 2692 carent3
909 2643 1054 2682 deinde
1089 2654 1182 2681 vero
1221 2653 1415 2681 summam
1456 2639 1692 2680 sententiam
