1751 2986
1393 147 1416 172 V

54 236 269 279 separantur
290 235 327 268 et
348 232 419 267 sibi
443 235 670 278 opponuntur
692 236 861 277 tanquam
883 235 985 269 Mars
1009 238 1044 269 et
1068 235 1233 279 Calliope
1255 235 1330 280 (01.
1355 237 1418 278 XI,

54 293 111 329 14.
135 294 192 329 15.
215 296 262 336 X,
279 295 369 339 m).
415 295 532 338 Atque
555 295 606 329 ita
630 295 835 329 accedimus
858 296 904 329 ad
929 305 1075 330 carmen
1099 297 1206 340 Pyth.
1225 297 1253 330 Ι.
1297 298 1416 341 Quum

51 357 166 391 Hiero
188 358 299 402 paulo
322 361 405 391 ante
429 358 599 390 Etruscos
623 358 670 390 ad
694 357 826 391 Cumas
851 358 1009 400 vicisset,
1033 361 1071 392 ut
1096 357 1194 402 prius
1219 359 1416 404 Carthagi—

52 417 192 452 nienses
215 430 296 452 cum
318 418 490 452 fratribus
516 419 562 451 ad
584 418 787 459 Himeram,
812 418 977 462 idemque
997 419 1151 452 Aetnam
1175 420 1303 453 urbem
1328 432 1414 454 con-

51 480 346 514 didissetDoricis
360 479 525 514 institutis
545 483 586 519 et·
599 479 753 525 legibus,
777 491 869 513 nunc
895 484 1015 514 autem
1041 481 1076 514 in
1094 481 1234 524 Pythiis
1250 483 1414 516 curulem

49 540 241 575 victoriam
262 541 412 580 tulisset,
437 541 495 574 bis
517 541 683 574 omnibus
700 546 808 585 poeta
827 541 957 575 eximie
968 542 1017 575 sic
1038 541 1156 584 utitur,
1180 547 1218 576 ut
1232 555 1359 588 regem
1378 547 1413 578 et

50 601 262 635 bellicosum
286 605 322 636 et
345 602 444 645 pacis
468 602 628 636 instituta
651 607 815 646 artesque
841 604 1017 636 colentem
1040 604 1182 646 laudet,
1219 604 1279 647 qui
1304 605 1413 638 urbes

48 663 178 697 condat
209 667 245 697 et
268 663 407 697 ludicra
445 664 641 698 certamina
666 668 860 707 cantusque
891 664 1061 707 epinicios
1086 669 1202 707 amet,
1226 666 1297 699 alio
1322 678 1410 700 vero

46 727 210 770 tempore
233 725 380 769 proeliis
410 724 545 758 fuderit
567 726 699 758 hostes.
755 726 851 758 Inest
874 725 986 769 igitur
1021 727 1131 759 etIam
1155 726 1217 759 hic
1249 727 1411 762 ludicrae

45 787 218 821 ⁵victoriae
241 788 320 821 laus
343 791 382 820 ut
404 797 488 830 pars
519 786 553 819 in
576 797 718 820 summa
751 786 944 825 sententia,
978 797 1091 829 neque
1124 791 1244 821 tamen
1276 786 1412 834 α’νδριά

44 847 185 882 ludicra
208 849 394 888 laudatur,
430 848 524 891 quod
548 859 617 881 non
641 852 782 891 poterat
809 847 890 881 fleri
915 847 950 881 in
974 847 1127 881 victoria
1154 861 1218 892 per
1242 851 1410 895 aurigam

43 914 248 954 reportata,
279 911 342 944 sed
365 921 475 954 quum
499 909 607 943 etiam
635 910 733 943 bella
763 910 861 953 regis
886 910 1046 942 canenda
1079 915 1213 952 essent,
1248 911 1336 945 scite
1363 913 1409 946 ad

44 972 146 1016 pacis
178 973 311 1006 artium
341 982 503 1005 amorem
532 971 685 1005 victoria
718 972 849 1005 curulis
882 975 1073 1005 revocatur
1108 972 1408 1017 coniungiturque

42 1045 126 1068 cum
157 1035 292 1068 Aetnae
324 1045 450 1067 recens
482 1034 645 1067 conditae
678 1033 803 1074 laude,
837 1043 907 1075 quo
932 1032 1030 1065 facto
1067 1034 1294 1075 praeclarum
1319 1034 1407 1068 illud

42 1095 142 1141 regis
163 1096 369 1139 exemplum
392 1095 528 1129 exsistit
551 1095 586 1128 in
605 1094 872 1129 Commentario
897 1105 919 1127 a
943 1106 1001 1127 me
1027 1094 1257 1137 explicatum,
1284 1094 1317 1128 in
1337 1107 1405 1138 quo

40 1157 168 1203 regiae
190 1156 389 1191 maiestatis
411 1157 585 1190 severitas
610 1161 645 1190 et
668 1156 801 1190 bellica
833 1156 1005 1190 fortitudo
1031 1156 1218 1189 coniuncta
1246 1160 1299 1189 est
1323 1168 1404 1190 cum

39 1219 202 1264 pacificis
227 1218 406 1260 moribus,
431 1230 513 1251 cum
537 1218 681 1259 iustitia,
706 1218 863 1260 lenitate,
887 1218 1042 1251 musices
1061 1229 1184 1251 amore
1205 1218 1405 1261 ceterisque

38 1280 242 1326 mitioribus
252 1280 426 1314 sensibus.
451 1280 615 1323 Denique
632 1281 712 1313 dico
730 1280 773 1312 de
795 1280 953 1313 camnine
973 1280 1153 1312 istiumll.
1173 1278 1405 1313 inXenocra-

39 1344 112 1375 tem
135 1340 267 1384 scripto
286 1341 454 1383 pluribus
478 1341 638 1374 victoriis
663 1341 847 1374 curulibus
871 1346 1047 1381 ornatum,
1073 1341 1133 1383 qui
1159 1352 1266 1383 quum
1289 1342 1405 1386 largis

37 1401 230 1436 sacrificiis
265 1402 350 1434 deos
375 1403 510 1435 coleret
541 1406 576 1436 et
610 1402 771 1445 hospites
795 1402 1052 1445 benignissime
1077 1402 1270 1445 exciperet,
1294 1403 1403 1437 etiam

39 1474 150 1508 equos
172 1462 293 1496 alendi
315 1463 472 1496 studium
497 1463 542 1496 ad
561 1464 630 1495 hoc
650 1475 765 1508 genus
784 1463 902 1496 laudis
919 1464 1084 1504 refertur,
1109 1469 1144 1497 et
1168 1475 1277 1506 quum
1295 1476 1400 1508 prae-

38 1529 139 1560 terea
160 1525 276 1559 iustus
299 1534 342 1557 ac
365 1523 463 1558 mitis
487 1529 580 1558 esset
610 1525 644 1558 in
678 1525 797 1566 cives,
836 1524 969 1558 exsistit
993 1536 1088 1558 nova
1111 1526 1265 1559 societas
1287 1526 1400 1561 virtu—

35 1590 123 1629 tum,
147 1585 304 1620 iustitiae
329 1588 364 1619 et
387 1585 655 1619 munificentiae
678 1586 713 1619 in
738 1585 883 1629 optimis
906 1586 1105 1630 quibusque
1128 1588 1248 1622 rebus.
1284 1589 1400 1632 Atque

36 1649 128 1683 haec
151 1648 336 1682 hactenus.
363 1665 405 1672 -—
430 1647 583 1680 Restant
606 1646 678 1680 alia
701 1649 870 1682 nonnulla
895 1648 1055 1682 carmina
1079 1651 1308 1694 recensenda,
1338 1652 1401 1686 ubi

34 1721 105 1744 non
137 1710 238 1744 solae
271 1709 445 1743 virtutum
476 1709 602 1742 laudes
633 1711 732 1749 sunt,
768 1713 807 1744 ut
837 1710 873 1743 in
903 1711 1197 1746 antecedentibus
1220 1713 1398 1755 omnibus,

34 1772 97 1806 sed
123 1783 221 1805 eum
245 1771 340 1806 alia
363 1782 412 1804 re
435 1770 610 1804 victrix
634 1771 788 1804 virtus
812 1771 1182 1814 deprehenditur
1215 1784 1237 1806 a
1262 1777 1398 1817 pocta

35 1832 291 1868 coniuncta.
337 1833 430 1866 Tale
455 1835 508 1865 est
533 1832 689 1875 primum
709 1832 811 1867 Nem.
838 1833 910 1874 vl„
935 1833 970 1866 in
995 1845 1064 1877 quo
1090 1834 1205 1868 virtus
1229 1846 1310 1868 cum
1335 1837 1399 1869 de-

19 1895 132 1930 ·fectu
153 1895 295 1929 virtutis
320 1893 557 1937 componitur.
611 1894 703 1927 Erat
726 1894 962 1929 Bassidarum
987 1907 1076 1941 gens
1107 1897 1141 1930 in
1165 1897 1306 1941 Aegina
1330 1909 1398 1941 pu-

33 1956 152 2002 gilatu
174 1967 238 2000 per
260 1959 374 1990 totam
392 1954 587 1988 Graeciam
603 1956 854 1999 celeberrima,
877 1961 999 1991 tamen
1023 1958 1134 1992 etiam
1158 1958 1193 1991 in
1213 1959 1285 1992 hac
1302 1960 1398 1993 Her-

33 2019 138 2052 culea
161 2020 269 2063 gente
292 2016 524 2050 imbecillitas
546 2017 705 2050 humana
736 2019 1024 2062 conspiciebatur
1047 2020 1266 2062 luculenter,
1297 2021 1398 2063 quie-

32 2082 152 2113 scente
187 2082 222 2113 et
245 2082 407 2112 cessante
437 2077 584 2111 alternis
608 2079 738 2113 robore
763 2079 933 2125 gymnico
958 2079 1044 2112 eius.
1106 2081 1200 2115 llinc
1222 2081 1399 2116 Pindarus

31 2144 69 2174 et
89 2139 227 2174 similes
249 2139 415 2173 homines
438 2150 516 2172 esse
545 2139 614 2172 diis
646 2144 681 2174 et
713 2139 906 2175 dissimiles
929 2140 1176 2185 maximopere
1202 2143 1297 2176 cauit
1331 2155 1394 2177 ex-

31 2201 204 2244 hibetque
227 2196 379 2246 ἀνδρίας
403 2211 568 2233 summae
592 2200 739 2233 laudem
764 2211 844 2233 cum
864 2201 1113 2237 imbecillitate
1127 2204 1286 2238 humana
1306 2215 1391 2238 con-

31 2261 202 2296 iunctam.
246 2261 329 2295 Alia
353 2263 446 2296 ratio
470 2262 505 2297 in
530 2261 758 2305 sequentibus
783 2265 846 2297 est.
896 2263 953 2298 01.
980 2265 1041 2298 xl.
1066 2265 1306 2309 Agesidamus
1332 2278 1392 2300 ce—

30 2324 211 2364 lebratur,
243 2323 405 2368 pugilatu
446 2323 507 2366 qui
539 2323 627 2356 olim
658 2323 797 2358 vicerat
830 2334 921 2367 puer
954 2325 991 2357 in
1025 2325 1217 2370 Olympia,
1250 2337 1395 2361 carmen

31 2389 153 2419 autem
175 2389 250 2419 tum
275 2395 345 2418 non
368 2386 498 2420 tulerat
520 2385 748 2429 promissum,
785 2387 881 2429 quod
905 2398 1012 2430 quum
1036 2392 1143 2431 poeta
1166 2389 1276 2434 longo
1301 2392 1393 2423 tem-

30 2457 120 2490 pore
153 2449 233 2490 post
263 2446 497 2482 redeuntibus
530 2448 724 2491 aliquando
758 2447 932 2482 victoriae
961 2449 1194 2484 sollemnibus
1223 2450 1395 2493 mitteret,

31 2508 158 2551 pulcra
180 2506 384 2542 inventione
406 2508 568 2543 victoriis
582 2535 591 2550 ,
614 2520 659 2543 ne
683 2510 939 2553 obscurentur,
963 2521 1068 2544 sacro
1091 2511 1162 2545 ritu
1187 2516 1332 2546 cantum
1357 2514 1393 2546 et

33 2567 187 2612 epinicia
209 2569 334 2604 deberi
356 2570 482 2612 docet,
520 2581 744 2615 proponens,
776 2575 814 2606 ut
839 2572 960 2614 vides,
983 2572 1072 2614 duo,
1106 2584 1200 2616 quae
1235 2574 1391 2608 debeant

33 2639 111 2663 esse
141 2631 348 2674 coniuncta,
380 2643 439 2666 res
462 2635 584 2677 gestas
616 2636 651 2668 et
681 2633 816 2676 κῶμον.
865 2633 994 2668 Simile
1019 2637 1072 2668 est
1095 2634 1198 2668 Nem.
1213 2635 1296 2677 1v.‚
1329 2634 1391 2668 ubi

32 2689 262 2727 Timasarchi
282 2692 468 2728 luctatoris
490 2692 604 2729 virtus
625 2695 804 2738 laudatur,
840 2706 951 2739 quum
976 2706 1063 2730 vero
1086 2696 1247 2741 graviter
1269 2695 1392 2732 attrito
