1751 2986
265 151 356 181 XCVI

266 243 451 289 scripsisse
469 244 672 286 loquuntur,
692 250 780 273 suae
794 238 924 272 aetatis
941 238 1234 273 consuetudinem
1252 247 1365 282 prave
1381 238 1416 272 in
1432 236 1629 271 Pindarum

266 306 357 340 nihil
375 307 447 339 tale
465 303 628 337 molitum
646 301 842 334 conferunt.
881 301 1024 334 Etenim
1044 301 1088 334 ab
1107 299 1355 333 Alexandrinis
1375 300 1519 333 demum
1537 309 1629 343 quae

267 369 313 401 ud
328 367 415 400 illud
438 369 578 408 tempus
599 363 761 406 dispersa
786 366 887 396 erant
906 363 1057 395 collecta
1082 365 1115 395 et
1136 362 1170 394 in
1196 361 1356 394 ordinem
1372 360 1520 392 redacta
1544 371 1629 393 con-

266 431 348 462 stat.
396 425 559 460 Tametsi
582 425 656 458 iam
688 427 794 457 antea
818 424 863 456 de
887 423 1040 468 singulis
1073 423 1287 466 quibusdam
1311 422 1472 466 partibus
1497 420 1630 454 carmi-

267 501 353 522 num
387 486 699 520 commentariolos
724 483 905 518 confectos
928 485 1093 518 novimus
1119 485 1164 518 ab
1189 484 1243 525 iis,
1269 483 1329 527 qui
1352 484 1460 516 rebus
1483 481 1631 516 Pindari

266 548 481 594 indagandis
513 546 792 590 enarrandisque
821 556 971 589 operam
996 546 1140 579 dabant.
1198 544 1315 579 Veluti
1340 543 1631 578 Chamaeleontis

265 611 432 645 libellum
463 610 506 642 de
540 609 697 642 Pindaro
728 618 838 651 supra
872 606 1176 652 consignavimus.
1231 607 1328 639 Inter
1360 605 1440 639 illos
1472 605 1631 648 primum

266 673 386 706 locum
410 673 505 705 tenet
530 670 792 703 Zenodotus
816 669 1060 712 Ephesius,
1086 667 1251 702 conditae
1276 678 1297 701 a
1314 667 1523 700 Ptolemaeo
1541 665 1632 699 Phi-

266 734 439 777 ladelpho
471 732 715 766 bibliothecae
739 731 1002 764 Alexandrinae
1024 729 1182 774 primus,
1214 732 1252 762 ut
1283 728 1455 771 creditur,
1486 727 1632 772 praefe-

268 799 353 829 ctus.
403 794 473 838 Qui
498 794 580 837 quid
604 792 823 836 praestiterit
845 792 1015 833 Pindaro,
1051 804 1095 826 ex
1115 791 1240 835 paucis
1264 790 1340 823 eius
1364 791 1424 823 vel
1447 788 1633 833 scripturis

267 858 329 890 vel
353 854 585 896 coniecturis,
610 865 699 897 quas
722 857 923 886 memorant
949 853 1085 886 Scholl.
1112 853 1168 885 01.
1196 853 1241 894 ΙΙ,
1262 852 1292 884 7.
1320 853 1384 894 ΙΙΙ,
1402 851 1458 885 52.
1484 852 1542 893 vl,
1560 850 1632 893 91„

267 929 380 962 aegre
410 916 559 950 iudices.
618 915 756 948 Iustam
789 914 987 947 carminum
1026 913 1275 946 recensionem
1316 913 1453 956 primus
1485 911 1635 946 instituit

267 978 622 1021 Aristophanes
654 975 930 1020 Byzantiu8‚
968 974 1028 1018 qui
1059 974 1124 1007 sub
1149 974 1367 1008 Ptolemaeis
1390 975 1576 1018 Euergeta
1599 976 1635 1007 et

266 1039 460 1083 Epiphane
492 1038 650 1071 maxime
674 1036 815 1077 floruit,
847 1036 930 1069 circ.
960 1035 1106 1080 Olymp.
1131 1036 1280 1069 CXLIV.
1328 1035 1522 1069 Primum
1545 1034 1575 1068 is
1599 1037 1635 1068 et

267 1100 476 1134 Simonidea
495 1103 529 1132 et
544 1099 736 1133 Pindarica
763 1098 852 1132 colis
875 1097 1033 1131 metricis
1058 1097 1233 1137 distinxit3
1259 1111 1292 1131 v.
1318 1097 1465 1142 Dionys.
1483 1097 1568 1130 Hal.
1589 1097 1634 1130 de

268 1163 393 1206 Comp.
419 1161 550 1194 Verbb.
576 1160 633 1193 22.
667 1165 702 1195 et
724 1161 779 1194 26.
841 1159 946 1204 Quod
976 1160 1162 1203 negotium
1193 1159 1425 1202 Aristophani
1454 1158 1635 1192 interdum

268 1225 314 1258 ad
348 1223 538 1256 liberanda
563 1223 708 1256 Pindari
742 1223 856 1256 verba
879 1233 901 1255 a
925 1221 1154 1265 glossematis
1178 1221 1252 1254 iam
1275 1224 1351 1254 tum
1376 1219 1488 1263 ipsius
1512 1219 1636 1253 verbis

266 1285 410 1321 insertis
432 1283 579 1328 profuit,
603 1283 717 1316 veluti
739 1283 795 1316 Ol.
821 1283 866 1324 ΙΙ,
889 1281 944 1315 48.
971 1284 1073 1328 vulg.
1098 1281 1264 1326 φιλέοντι
1290 1280 1328 1316 δὲ
1355 1283 1498 1316 Μοῖσαι
1521 1281 1636 1316 verba

268 1346 446 1381 eiicienda
468 1344 655 1378 intellexit.
703 1344 855 1378 Omnino
880 1344 1037 1388 vestigia
1072 1344 1250 1387 quaedam
1276 1343 1462 1377 declarant
1495 1347 1638 1377 vetusta

267 1405 591 1443 Alexandrinonun
624 1405 847 1449 exemplaria
878 1406 937 1438 hic
969 1405 1043 1439 illic
1068 1405 1156 1439 vitia
1186 1405 1359 1439 habuisse
1382 1406 1427 1438 ab
1461 1405 1549 1449 ipsis
1573 1405 1637 1439 de·-

268 1481 368 1503 mum
394 1468 601 1509 emendata,
625 1468 724 1500 velut
748 1467 892 1510 Olymp.
917 1467 981 1509 xl,
1007 1466 1061 1501 55.
1088 1469 1187 1512 vulg.
1211 1468 1320 1512 Pyth.
1343 1467 1401 1509 IV,
1425 1466 1525 1508 195.;
1551 1467 1635 1501 vide

268 1530 494 1565 Boeckhii
528 1532 756 1562 commentat.
788 1529 832 1561 de
864 1527 949 1561 crisi
976 1529 1075 1562 Pind.
1113 1530 1144 1570 §.
1172 1527 1226 1561 22.
1283 1528 1463 1562 Deinde
1496 1529 1636 1563 Aristo-

269 1594 405 1637 phanes
429 1590 675 1634 potissimum,
698 1592 738 1623 ut
760 1588 897 1632 opinor,
922 1593 1103 1623 vetustam
1126 1589 1354 1633 scripturam,
1379 1602 1487 1634 quam
1512 1603 1636 1625 exem-

269 1656 330 1698 pla
361 1656 443 1687 ante
474 1651 796 1685 Alexandrinorum
828 1654 985 1685 aetatem
1017 1651 1197 1694 confecta,
1229 1651 1369 1685 etiamsi
1403 1652 1535 1696 partim
1560 1652 1636 1686 iam

269 1717 316 1750 ad
347 1717 540 1759 vulgarem
573 1711 863 1745 consuetudinem
896 1717 1066 1747 revocata
1096 1713 1222 1755 fuerit,
1252 1713 1420 1747 universe
1453 1715 1635 1757 tenebant,

269 1777 305 1811 in
328 1776 569 1811 recentiorem
599 1773 778 1807 scribendi
813 1785 978 1807 normam
1011 1774 1200 1809 transtulit.
1264 1775 1490 1819 Reputemus
1517 1779 1636 1810 aetate

269 1838 418 1874 Pindari
450 1840 482 1873 E
507 1841 541 1871 et
566 1849 582 1872 ε
614 1840 649 1870 et
673 1849 695 1879 η
722 1838 758 1869 et
782 1847 812 1870 ει
844 1835 1089 1880 significasse,
1125 1836 1157 1869 Ο
1181 1838 1216 1869 et
1241 1848 1259 1870 ο
1285 1840 1319 1870 et
1344 1850 1372 1871 ω
1397 1841 1432 1872 et
1456 1850 1518 1880 ου,
1550 1837 1636 1873 licet

268 1901 468 1935 Pindarum
486 1898 666 1932 interdum
685 1909 716 1931 ει
740 1900 775 1930 et
794 1909 837 1931 ov
854 1897 912 1930 his
936 1897 1023 1940 ipsis
1045 1897 1231 1931 elementis
1253 1899 1438 1942 scripsisse
1461 1900 1637 1934 credibile

269 1962 325 1996 sit.
373 1962 446 1995 Ista
469 1959 605 2006 ἀρχαῖα
622 1957 817 2004 γράμματα
842 1958 1006 2001 quamvis
1019 1958 1169 1992 Athenis
1193 1959 1274 1992 inde
1299 1960 1345 1993 ab
1370 1962 1542 1995 archonte
1558 1963 1635 1996 Eu·-

269 2023 362 2058 clide
396 2022 454 2055 Ol.
481 2021 601 2056 XCIV.
636 2020 782 2064 publice
816 2021 967 2064 expulsa
990 2020 1196 2054 Simoniden
1228 2021 1407 2056 scribendi
1431 2023 1556 2068 generi
1578 2025 1635 2058 Ιο-

268 2097 351 2119 cum
383 2083 570 2125 fecissent,
609 2081 759 2116 Pindari
790 2085 911 2116 tamen
953 2082 1097 2126 antiqua
1133 2085 1300 2126 exempla
1332 2095 1354 2118 a
1386 2085 1636 2130 grammaticis

268 2147 415 2180 demum
446 2147 614 2178 accurate
647 2144 904 2178 conformanda
934 2145 1087 2179 fuerunt.
1152 2145 1204 2178 Ac
1242 2145 1398 2179 resident
1431 2145 1636 2179 etiamnunc

269 2208 448 2252 quaedam
472 2207 538 2250 τῆς
563 2204 719 2251 ἀρχαίας
737 2208 920 2250 σημασίας
939 2207 1174 2247 documenta3
1199 2206 1270 2240 vid.
1283 2207 1479 2240 Aristarch.
1496 2207 1634 2241 Scholl.

268 2270 372 2304 Nem.
397 2269 427 2309 Ι,
451 2266 507 2301 24.
540 2268 643 2302 Nem.
668 2269 731 2310 Ill,
756 2267 813 2303 23.
848 2269 891 2311 X,
914 2267 969 2301 62.
1009 2272 1045 2303 et
1067 2268 1114 2301 cf.
1139 2279 1231 2311 quae
1255 2269 1447 2313 diligenter
1471 2268 1635 2311 exsequi-

268 2334 326 2366 tur
350 2330 628 2364 Boeckhius
662 2330 706 2363 de
739 2330 821 2364 crisi
852 2332 884 2372 §.
910 2329 954 2362 16
977 2341 1050 2373 seq.
1106 2330 1218 2363 Tum
1247 2329 1479 2373 Aristophani
1510 2329 1636 2364 deberi

269 2393 433 2433 videtur,
475 2392 568 2434 quod
600 2391 858 2435 septemdecim
887 2390 991 2424 libris
1020 2390 1164 2423 diversa
1192 2401 1329 2434 genera
1359 2390 1635 2425 Pindaricorum

269 2453 469 2489 carminum
495 2454 756 2496 comprehensa
778 2452 934 2485 fuerunt.
986 2451 1141 2484 Nomina
1165 2450 1340 2484 librorum
1373 2451 1519 2484 illorum
1544 2463 1635 2495 quo-

268 2515 367 2550 niam
388 2515 533 2548 diversa
552 2514 738 2547 traduntur
757 2524 779 2546 a
794 2513 907 2547 Suida
929 2516 964 2547 et
980 2512 1082 2546 Vitae
1099 2512 1241 2546 Vratisl.
1265 2516 1409 2546 auctore
1429 2512 1463 2546 in
1483 2524 1633 2547 numero

269 2579 337 2613 isto
363 2575 674 2616 consentientibus,
699 2573 936 2618 probabiliter
953 2574 1225 2608 Boeckhius
1250 2574 1432 2618 duplicem
1457 2574 1634 2609 exstitisse

269 2638 545 2674 Pindaricorum
562 2637 764 2671 carminum
787 2636 1034 2670 recensionem
1052 2635 1185 2678 statuit,
1206 2637 1360 2670 alteram
1376 2636 1634 2680 simpliciorem

269 2699 536 2746 Aristophanis,
560 2699 788 2734 subtiliorem
815 2699 969 2733 alteram
992 2697 1201 2733 Aristarchi.
1258 2697 1338 2742 (Sic
1361 2700 1513 2742 uterque
1536 2698 1634 2732 Ana·-
