1751 2986
308 133 347 160 v}

309 237 461 270 corpore
484 224 636 259 victoria
659 226 841 269 reportata
863 226 967 266 esset,
1001 223 1108 257 simul
1130 222 1285 256 lenimen
1309 223 1476 257 laborum
1499 232 1564 266 per
1587 231 1668 255 car-

310 288 446 321 minum
469 287 614 321 laudem
638 286 770 320 afferre
793 295 832 318 se
856 283 953 326 dicit,
977 287 1012 318 et
1036 284 1072 318 in
1091 284 1163 317 fine
1182 287 1261 328 post
1281 284 1372 318 alias
1386 284 1555 318 victorias
1577 282 1670 317 alios

311 348 364 382 illi
388 349 511 381 dulces
536 349 687 381 honores
711 345 845 380 amoris
869 349 1079 391 auguratur.
1116 346 1176 379 Sic
1201 357 1284 378 cum
1300 344 1508 379 fortitudine
1523 353 1670 378 recrea-

309 408 443 443 tionem
467 409 582 442 habes
607 412 642 442 et
667 407 995 451 compensationem
1019 407 1183 440 laborum
1203 406 1435 450 propositam.
1474 405 1577 439 Nem.
1595 403 1670 438 Vll.

311 469 466 514 Sogenis
497 468 777 513 quinquertionis
805 472 979 502 tractatur
1011 468 1166 514 ἀνδρία,
1204 468 1264 512 qui
1297 478 1408 511 quum
1439 466 1604 500 inimicos
1635 467 1673 499 et

312 531 570 565 obtrectatores
605 530 775 571 haberet,
809 531 988 575 genuinae
1020 529 1161 563 virtutis
1193 529 1447 572 praestantiam
1477 526 1672 561 ostenditur

311 595 458 626 aeterno
491 592 627 624 honore
661 602 683 624 a
707 591 775 624 diis
810 591 951 633 ornari,
985 591 1091 624 Musa
1116 590 1270 634 Sogeni,
1309 589 1368 632 qui
1393 599 1537 622 carmen
1561 598 1673 632 quae-

312 652 397 686 sivit
424 654 611 696 speculum
643 651 785 686 virtutis
819 651 998 693 futurum,
1037 663 1129 685 nunc
1161 650 1456 695 pretiosissimam
1489 653 1525 683 et
1563 650 1673 683 dura-

311 713 423 746 bilem
446 713 604 747 maxime
628 724 797 747 coronam
822 716 983 756 parante,
1009 712 1196 746 calumniis
1219 711 1446 745 inimicorum
1474 711 1674 745 diuturnio-

312 786 401 808 rem.
448 775 598 808 Canitur
621 776 734 820 igitur
757 775 816 809 hic
840 775 953 809 virtus
974 774 1091 808 laudis
1115 778 1150 807 et
1173 773 1320 807 honoris
1349 773 1510 817 praemio
1534 772 1674 806 indele-

312 836 379 869 bili
401 837 584 870 decorata.
621 838 813 871 Diversum
838 840 890 870 est
915 841 948 870 et
973 841 1094 869 tamen
1114 835 1233 869 simile
1255 836 1357 869 Nem.
1378 835 1481 877 vlu„
1505 834 1568 868 ubi
1591 844 1673 867 cum

312 897 442 931 virtute
467 898 610 932 fortuna
630 900 781 932 adversa
806 903 841 932 et
859 899 1016 931 secunda
1033 897 1176 931 virtutis
1195 896 1403 940 composita.
1437 897 1557 939 Quum
1578 895 1674 933 enim

312 959 547 993 Athenienses
570 960 748 1005 Aeginam
771 966 846 994 tum
869 970 1078 1004 expugnare
1102 963 1335 999 conarentur,
1361 958 1456 1001 quod
1480 957 1589 990 etiam
1615 955 1675 990 fa-

313 1025 421 1062 ctum,
447 1025 554 1064 poeta
578 1021 752 1055 invidiam
776 1022 972 1064 pessimam
998 1021 1170 1066 exagitat,
1190 1032 1283 1064 quae
1305 1019 1392 1053 olim
1414 1017 1535 1051 Aiacis
1558 1016 1675 1050 virtu-

313 1084 386 1114 tem
407 1081 591 1123 invaserit,
616 1095 706 1116 nunc
730 1087 852 1116 autem
875 1082 1013 1116 insulae
1038 1083 1228 1126 praeclara
1245 1082 1377 1114 decora
1395 1081 1515 1113 delere
1532 1078 1674 1122 cupiat3

312 1141 370 1175 cui
393 1142 486 1176 tristi
509 1145 606 1177 malo
640 1143 772 1177 eximia
796 1143 998 1177 inventione
1023 1145 1156 1178 amoris
1185 1143 1370 1177 iucundius
1393 1141 1586 1187 augurium
1608 1151 1675 1184 op-

312 1203 421 1247 ponit,
445 1206 633 1238 ostendens
658 1205 777 1239 Dinidi
802 1206 1020 1239 adolescenti
1044 1205 1203 1249 coniugii
1232 1204 1345 1238 futuri
1368 1203 1512 1248 gaudia,
1537 1202 1676 1236 insulae

311 1268 432 1298 autem
458 1270 659 1299 exterorum
685 1278 845 1300 amorem
871 1272 905 1300 et
925 1266 1228 1307 benevolentiam,
1256 1265 1333 1298 fato
1358 1265 1390 1298 ei
1409 1265 1578 1298 debitam.
1616 1263 1677 1298 Sic

311 1324 423 1369 igitur
445 1327 558 1360 virtus
581 1328 724 1361 laborat
746 1328 904 1361 invidiae
927 1329 1036 1368 malo,
1062 1327 1263 1371 praemium
1285 1337 1374 1360 vero
1399 1330 1434 1360 et
1461 1336 1676 1370 compensa-

311 1386 446 1420 tionem
471 1388 638 1421 laborum
663 1400 825 1422 amorem
849 1389 1012 1422 habebit.
1045 1389 1200 1422 Claudat
1218 1399 1350 1433 agmen
1370 1398 1515 1421 carmen
1533 1388 1589 1422 Ol.
1603 1387 1674 1432 Vl„

312 1448 374 1481 ubi
416 1448 452 1482 in
492 1451 607 1483 altera
654 1454 756 1493 parte
795 1449 991 1482 sententiae
1025 1445 1132 1494 ὄλβος
1171 1451 1340 1484 laudatur
1378 1450 1600 1483 Iamidarum
1639 1454 1676 1484 et

312 1509 484 1554 Agesiae,
517 1511 648 1544 virtute
673 1516 791 1552 ortus,
823 1511 858 1544 in
882 1513 997 1545 altera
1020 1522 1107 1544 vero
1131 1511 1284 1544 societas
1310 1511 1461 1544 duarum
1487 1511 1675 1552 virtutum,

313 1581 423 1613 quum
436 1570 589 1615 Agesias
612 1572 832 1606 vaticinandi
856 1571 924 1605 arti
948 1571 1047 1616 genti
1070 1582 1156 1605 suae
1173 1572 1218 1605 ab
1231 1572 1397 1615 Apolline
1419 1572 1547 1606 insitae
1570 1572 1675 1607 forti-

311 1632 472 1665 tudinem
497 1633 643 1667 adderet
666 1634 782 1668 victor
798 1633 992 1678 Olympiae
1013 1638 1048 1666 et
1071 1633 1226 1665 bellator
1245 1637 1419 1666 strenuus.
1444 1635 1571 1668 Habes
1592 1646 1675 1670 cum

311 1693 504 1727 virtutibus
514 1695 673 1743 ‘optimis
697 1694 807 1741 ὄλβον
833 1696 1069 1729 coniunctum.
1117 1694 1232 1737 Atque
1256 1695 1349 1728 haec
1374 1697 1562 1730 hactenus.

401 1757 614 1790 Accedimus
638 1757 684 1790 ad
709 1757 861 1790 alteram
885 1761 1028 1799 partem
1051 1757 1159 1789 huius
1190 1756 1328 1800 capitis.
1376 1757 1537 1791 Vidimus
1560 1758 1675 1794 virtu-

311 1820 385 1850 tem
407 1818 593 1851 laudatam
609 1819 645 1852 in
661 1818 832 1858 victoria3
855 1829 964 1862 quum
987 1829 1074 1851 vero
1093 1818 1268 1852 victoriae
1289 1819 1433 1862 adeptio
1454 1820 1561 1854 simul
1583 1822 1675 1855 lae-

311 1877 498 1912 tissima
531 1885 566 1913 et
590 1879 889 1913 felicissima
910 1890 986 1913 res
1021 1880 1231 1921 haberetur,
1258 1891 1348 1923 quae
1373 1881 1513 1915 Graeco
1537 1882 1677 1917 homini

314 1942 352 1972 et
378 1939 459 1973 urbi
490 1940 696 1985 contingere
727 1945 866 1985 posset,
903 1941 1166 1985 plurimumque
1199 1942 1383 1976 decoris
1416 1947 1451 1976 et
1482 1944 1675 1989 gloriae

312 1999 479 2041 afferret,
502 2002 660 2035 nascitur
683 2003 735 2035 sic
759 2004 875 2036 altera
899 2002 991 2036 ratio
1016 2002 1155 2041 laudis,
1183 2002 1227 2035 de
1252 2014 1321 2045 qna
1345 2015 1436 2037 nunc
1458 2004 1674 2038 videbimus.

311 2061 502 2105 Proprium
526 2062 632 2096 huius
657 2064 800 2108 generis
820 2063 882 2107 est,
908 2064 1002 2107 quod
1025 2065 1104 2097 sola
1123 2066 1187 2107 p'er
1210 2075 1248 2097 se
1265 2066 1344 2098 laus
1362 2065 1544 2099 felicitatis
1567 2077 1676 2110 quum

312 2133 380 2156 non
405 2125 565 2166 placeret
588 2124 749 2167 Graecis,
777 2127 841 2159 sed
865 2125 1020 2169 superba
1042 2121 1224 2158 videretur
1249 2130 1283 2160 et
1304 2126 1471 2169 insolens,
1495 2138 1565 2160 non
1588 2127 1676 2162 sim-

312 2186 407 2228 plex,
431 2185 494 2218 sed
519 2185 719 2229 composita
742 2187 1022 2230 deprehenditur
1043 2187 1217 2219 sententia
1241 2187 1276 2220 in
1301 2188 1465 2221 omnibus
1489 2198 1580 2231 quae
1604 2189 1677 2222 hu—

311 2245 367 2279 ius
389 2246 461 2280 loci
487 2251 569 2280 sunt
592 2247 831 2288 carminibus3
870 2260 953 2283 nam
989 2247 1098 2282 etiam
1123 2247 1157 2281 in
1184 2248 1308 2291 paucis
1331 2249 1577 2292 brevioribus,
1613 2250 1677 2285 ubi

311 2308 463 2352 simplex
496 2307 613 2352 primo
646 2309 818 2353 adspectu
844 2310 986 2344 videtur
1019 2320 1118 2351 esso,
1149 2310 1271 2343 subest
1313 2314 1432 2344 tamen
1464 2312 1676 2355 composita.

313 2369 375 2404 Sic
393 2369 451 2403 01.
470 2370 562 2402 XIV.
590 2370 725 2404 Gratiis
748 2372 967 2406 Orchomeni
991 2371 1125 2405 deabus
1149 2372 1263 2404 honos
1287 2372 1458 2412 habetur,
1494 2374 1588 2417 quod
1611 2373 1676 2407 de-

318 2441 381 2464 cus
412 2430 588 2465 victoriae
619 2433 800 2477 Asopicho
825 2432 1142 2478 puerodedmint,
1175 2432 1231 2466 01.
1258 2433 1337 2466 XII.
1363 2439 1483 2468 autem
1508 2439 1617 2479 poeta
1639 2434 1676 2469 in

314 2493 495 2527 Fortunae
519 2494 679 2537 potentia
702 2495 919 2529 celebranda
942 2499 1125 2535 versatur,
1156 2493 1231 2527 sine
1261 2505 1332 2538 qua
1355 2507 1419 2529 nec
1442 2496 1596 2529 Himera
1617 2498 1676 2541 ty-

315 2564 427 2588 ranno
453 2556 607 2590 liberata
632 2559 724 2590 esset
747 2555 996 2600 Thrasydaeo,
1032 2567 1097 2589 nec
1120 2557 1310 2602 Ergotelcs
1335 2567 1457 2589 cursor
1481 2566 1631 2590 coronas
1654 2566 1675 2590 e

313 2616 426 2651 sacris
450 2617 542 2651 ludis
566 2618 728 2652 haberet.
760 2617 838 2651 lam
854 2617 963 2651 facile
982 2618 1101 2659 sentis,
1125 2617 1154 2651 si
1179 2617 1246 2651 diis
1268 2617 1409 2663 gratiae
1432 2621 1586 2664 agantur
1608 2627 1675 2662 pro

312 2678 406 2713 dono
430 2679 625 2724 victoriae,
657 2681 692 2715 in
717 2691 759 2714 eo
783 2679 954 2724 pietatem
978 2683 1015 2714 et
1037 2679 1248 2714 modestiam
1272 2681 1418 2726 placere
1442 2692 1524 2715 cum
1545 2680 1674 2716 lauda·-
