1794 2982
644 103 889 147 PYTHIA
931 103 978 145 V.
1411 105 1487 146 131

156 215 220 260 30
255 206 350 256 ἀλλ’
384 207 724 273 ἀρισθάρματον

250 273 384 324 ὕδατι
411 280 668 338 Κασταλίας
696 276 900 336 ξενωθεὶς
921 279 1051 341 γέρας
1080 277 1303 341 οῗμφέβαλε
1321 282 1486 326 τεαῖσιν

786 345 944 408 κόμαις
1434 355 1479 389 4ο

139 511 226 558 (30)
249 500 489 567 ακηράτοις
521 501 664 559 ἁνίαις
1296 504 1403 563 Στρ.
1426 501 1478 562 β’.

251 570 508 632 ποδαρκέων
542 568 693 617 δωδεκ’
727 566 782 617 ἂν
818 566 993 629 δρόμων
1025 566 1212 626 τέμενος.
1436 578 1483 612 45

248 638 483 685 κατέκλασε
507 656 590 698 γαρ
605 636 758 685 ἐντέων
771 637 934 692 σθένος
947 631 1108 681 οὐδέν·
1129 632 1242 681 ἄλλα
1261 635 1482 696 κρέμαται,

151 708 215 753 35
253 702 402 752 ὁπόσα
434 708 640 766 χεριαρᾶν

247 771 459 819 τεκτόνων
493 769 662 818 δαίδαλ’
695 769 813 833 ἄγων

136 848 220 892 (35)
245 842 465 900 Κρισαῖον
497 837 643 900 λόφον

245 903 428 966 ἄμειψεν

245 972 292 1020 ἐν
324 971 586 1021 κοιλόπεδον
619 970 759 1028 νάπος
1434 982 1477 1013 5«)

144 1042 210 1089 40
244 1044 383 1088 θεοῦ·
418 1040 469 1088 τό
504 1037 585 1101 σφ’
617 1039 701 1100 ἔχει
732 1037 1059 1099 κυπαρίσσινον

242 1107 468 1169 μέλαθρον
500 1105 610 1168 ἄμφ’
645 1105 868 1168 ἀνδριάντι
903 1106 1077 1166 σχεδόν,

107 1371 127 1408 ἔ
165 1340 194 1362 v.
221 1329 273 1362 33.
309 1328 456 1366 δώδεκα
487 1327 635 1375 δρόμων
667 1347 712 1353 -
754 1340 783 1359 v.
812 1327 864 1360 36.
899 1324 1121 1369 Roudon-noct?
1158 1346 1195 1351 —-
1244 1340 1273 1361 v,
1293 1329 1346 1362 40
1373 1326 1472 1363 τόσσ’

125 1385 180 1417 χει

105 1515 167 1546 μις
191 1500 376 1544 κρεόντων
411 1502 558 1537 divisim
591 1501 821 1536 scribendum
847 1500 1053 1545 suspicatur
1078 1502 1308 1535 normannus
1334 1502 1380 1536 ad
1404 1502 1472 1537 So-

108 1547 249 1592 phoclis
273 1546 678 1590 Oed.001.1189.‚ut
700 1546 810 1591 θέμις
833 1546 1089 1580 indeclinabile
1113 1547 1168 1580 sit.
1217 1548 1339 1602 SCIL]

197 1605 233 1629 v.
258 1592 314 1626 33.
364 1594 480 1638 Vulgo
515 1593 664 1628 δώδεκα
688 1592 864 1646 δρόμων,
899 1596 1085 1635 c0rr‚upte
1119 1591 1203 1635 quia
1225 1591 1380 1647 τέμενος
1403 1603 1474 1626 non

107 1639 220 1672 habet
244 1639 337 1672 unde
361 1640 524 1683 pendeat.
573 1639 649 1673 Nec
673 1635 862 1682 ἄμφέβαλε
886 1651 921 1671 τ
912 1636 1036 1681 ’μενος
1061 1649 1124 1681 pn)
1143 1636 1237 1671 κατὰ
1262 1636 1303 1672 τὸ
1326 1638 1475 1693 τέμενος

108 1684 290 1718 Graecum
315 1689 380 1726 est,
406 1696 472 1718 nec
496 1682 643 1730 δρόμων
675 1684 891 1727 ποδαρκέων
916 1682 1065 1727 τέμενος
1090 1695 1154 1726 pro
1179 1683 1296 1726 κατά,
1334 1680 1408 1717 ανὰ
1431 1682 1473 1718 τὸ

105 1728 349 1771 τέμενος,ιή
387 1731 566 1763 curriculo.
615 1731 815 1773 Perperam
840 1729 951 1762 etiam
975 1729 1075 1762 dicas
1098 1728 1246 1772 τέμενος
1273 1729 1474 1773 appositio-

105 1786 189 1808 nem
213 1785 290 1808 esse
314 1774 415 1808 vocis
439 1774 558 1821 γέρας.
607 1775 781 1809 Laudabo
807 1786 910 1817 eum,
937 1775 998 1818 qui
1023 1773 1172 1817 τέμενος
1196 1775 1474 1809 circumdederit

106 1820 240 1860 comis3
263 1820 370 1863 plane
397 1820 517 1855 differt
540 1822 640 1855 locus
663 1821 720 1854 01.
742 1820 910 1862 x111‚38.
961 1820 1071 1853 Uni‹e
1098 1831 1186 1853 iera
1211 1820 1421 1854 Thierschii
1439 1824 1474 1854 et

105 1844 285 1899 Boeck’hii
317 1866 518 1899 emendatio
560 1864 691 1901 δωδεκ’
724 1864 771 1900 ὂὶν
804 1864 963 1909 δρόμων.
1012 1865 1120 1898 'lalia
1152 1865 1247 1898 enim
1278 1865 1471 1898 Pindarico.

103 1914 188 1944 sunt
211 1914 247 1944 et
271 1910 424 1945 Graeca.
463 1912 632 1946 Ceterum
656 1912 738 1945 vide
765 1908 1085 1945 Commentarium.
1123 1909 1353 1953 [Quanquam
1378 1911 1474 1943 Her-

104 1966 236 1990 manno
266 1955 516 2000 1.c.p.147.
554 1969 624 1990 non
657 1957 863 1990 necessaria
895 1956 1036 1988 videtur
1068 1955 1276 1988 Thierschii
1307 1955 1473 1996 mutatio,

104 2013 214 2045 quum
236 2000 347 2035 simili
370 2001 524 2036 audacia
547 2003 678 2036 dixerit
702 2006 809 2046 poeta
832 2002 923 2034 illud
949 2001 1005 2033 01.
1033 2000 1209 2039 xl11‚37.
1253 2000 1300 2033 At
1323 2010 1392 2033 non
1407 2010 1471 2033 cu-

103 2047 200 2080 ravit
232 2046 290 2080 vir
319 2057 478 2080 summus
502 2048 616 2081 verba
639 2048 694 2081 illi
718 2045 949 2090 explicationi
981 2044 1162 2078 obstantia
1183 2041 1296 2080 ν’δατι
1320 2047 1471 2080 Καστα-

105 2093 186 2132 λίας
211 2090 399 2132 ξενωθείς.
446 2092 567 2134 SCH.]

193 2147 231 2170 v.
254 2135 311 2169 36.
359 2137 521 2170 δαίδαλα
544 2136 715 2170 Pauwius
738 2135 944 2170 emendavit
967 2145 1032 2178 pro
1057 2132 1305 2178 δαιδαλματα
1354 2134 1471 2178 [Nunc

102 2182 333 2216 Hermannus
357 2183 380 2215 l.
407 2193 437 2214 c.
461 2180 634 2216 τεκτόνια
659 2179 802 2215 δαίδαλ’
826 2178 926 2224 ἄγων
950 2180 1129 2222 emendat,
1153 2184 1194 2214 ut
1210 2182 1384 2234 χεριαρᾶν
1402 2191 1468 2225 pro

102 2226 329 2261 substantivo
352 2227 416 2267 sit,
441 2228 621 2271 quomodo
652 2227 770 2261 simile
794 2227 1013 2261 vocabulum
1037 2227 1249 2283 χαλκοαρᾶν
1272 2230 1380 2270 poeta
1405 2236 1471 2270 po-

102 2272 215 2307 suerit
236 2272 363 2306 Isthm.
381 2253 445 2315 ΠΙ,
458 2272 513 2306 81.
551 2273 688 2307 Deinde
710 2284 775 2316 pro
801 2273 838 2307 ἐν
863 2271 1094 2305 Rittershusii
1120 2269 1167 2305 ἄν
1191 2272 1351 2316 adoptat,
1375 2272 1469 2315 quod

103 2319 195 2353 alter
209 2300 498 2353 Scholiastar'um
522 2318 657 2364 legisse
679 2318 795 2352 videri
823 2321 952 2362 potest,
977 2328 1087 2361 quum
1110 2317 1206 2352 κατὰ
1238 2317 1281 2352 τὸ
1301 2316 1470 2352 κοιλόπε-

102 2364 171 2399 δον
205 2364 336 2398 πεδίον
366 2362 500 2419 ἔδραμε
540 2346 842 2421 circumloquitur.
889 2363 978 2396 Vide
1010 2363 1330 2397 Commentarium.
1378 2362 1469 2396 Ber-

103 2408 212 2488 {kaus
233 2406 390 2489 τεδκὸρῖί
413 2407 593 2455 ἁγάλματ’
619 2408 719 2453 ἅγιον
744 2408 907 2451 coniecit,
931 2405 1058 2453 ἅμειψ’
1084 2407 1122 2443 ἐν
1146 2419 1212 2453 pro
1246 2407 1405 2454 ἄμειψεν
1429 2406 1468 2443 ἐν

129 2466 148 2488 e
175 2454 202 2488 it

195 2511 230 2534 v.
256 2498 313 2533 4⁰.
358 2455 479 2546 ῚῚῙιιΙςο
502 2498 603 2536 τόσσ’
624 2499 715 2546 εχει,
750 2511 858 2557 quae
879 2498 1082 2533 coniectura
1114 2500 1168 2532 est
1197 2498 1344 2533 editoris
1374 2498 1469 2531 Bru-

102 2543 272 2599 bachiapi
295 2545 405 2602 ducta
427 2557 448 2580 e
470 2546 624 2582 lectione
647 2546 728 2582 Aldi
743 2544 819 2583 vo'o’
839 2544 921 2591 ἔχει.
954 2544 1055 2579 Libri
1074 2543 1220 2588 plurimi
1240 2545 1337 2590 [cum
1351 2544 1470 2579 scho-

102 2588 176 2634 liis]
201 2588 243 2625 τό
271 2588 333 2636 σφ’
357 2591 442 2637 ἔχει.
1137 2632 1201 2674 9*
