1751 2986
269 175 358 203 exn
639 158 842 200 INDEX
883 157 1294 198 TEMPORUM.

404 267 486 301 dem
509 265 604 304 anni,
627 274 752 298 mense
769 261 961 306 Olympico
985 261 1128 296 circiter
1149 273 1243 296 nono
1266 264 1327 298 vel
1350 262 1490 298 decimo
1515 263 1633 309 (Mul-

402 326 466 357 ler.
492 322 656 366 Acginet.
682 332 717 363 p.
742 319 854 361 1790.

270 381 445 426 olymp.
481 378 545 419 81,
583 377 615 409 1.
680 377 946 420 Epharmostus
980 374 1120 408 Locrus
1161 374 1339 419 Opuntius
1381 376 1480 409 lucta
1517 375 1634 409 vietor

403 433 594 479 Olympiis.

338 493 451 526 Poeta
474 490 619 533 scripsit
642 490 789 533 olymp.
813 488 895 529 IX„
918 487 1119 521 fortasse
1144 486 1257 520 etiam
1281 487 1406 520 Isthm.
1431 488 1490 520 Vl.

269 551 451 593 Olymp.
476 546 542 586 82,
568 547 599 578 1.
646 545 812 578 Psaumis
837 543 1097 577 Camarinaeus
1119 544 1289 576 mulabus
1313 543 1488 588 Olympia
1509 543 1633 577 vincit.

336 604 511 638 Pindarus
535 602 730 646 Olympiae
759 611 929 645 praesens
961 599 1104 643 scripsit
1134 599 1280 645 Olymp.
1305 600 1363 633 lv.
1398 604 1433 634 et
1465 600 1634 643 deinceps

407 660 555 705 Olymp.
580 660 623 692 V.

270 720 450 763 Olymp.
475 714 531 757 84,
555 715 587 748 1.
635 713 830 758 Olympiae
854 712 1008 746 abolitus
1029 713 1166 746 rhedae
1193 711 1344 746 mularis
1363 723 1488 746 cursus
1509 712 1562 755 (v.
1588 712 1634 746 ad

404 774 550 817 Olymp.
573 771 634 804 vl.
659 770 824 813 1ntrod.).

339 829 472 864 Thurii
491 828 622 862 conditi
647 828 712 871 (cf.
738 826 873 860 Introd.
898 825 945 859 ad
970 825 1116 870 Olymp.
1142 824 1251 868 HL).

291 888 322 922 3.
342 887 497 920 Ultimus
523 884 667 918 Pindari
691 894 815 917 annus.

337 945 519 978 Incertum
544 952 587 974 an
611 942 684 974 huc
708 939 920 974 referendus
943 937 988 972 sit
1010 939 1177 983 Hymnus
1195 937 1230 972 in
1254 936 1468 971 Ammonem
1481 936 1632 982 Fragm.

403 1000 540 1043 Hymn.
566 997 598 1029 7.

336 1056 377 1090 Si
399 1066 526 1089 verum
551 1057 623 1092 est,
653 1056 692 1086 ut
716 1063 785 1097 ego
811 1051 937 1094 credo,
968 1050 1158 1085 Theoxeni
1188 1050 1223 1083 in
1255 1049 1396 1094 gremio
1424 1049 1634 1083 defunctum

403 1112 612 1151 Pindarum,
637 1110 683 1143 ad
700 1109 846 1142 ultimos
869 1109 966 1142 vitae
991 1119 1101 1141 annos
1123 1107 1290 1140 retuleris
1309 1107 1406 1140 Scol.
1427 1104 1634 1151 Fragm.2.,

403 1169 471 1202 etsi
494 1167 625 1210 aliquis
649 1166 686 1199 id
711 1166 805 1199 djeat
827 1164 1036 1198 fervidioris
1060 1176 1138 1198 esse
1162 1163 1310 1208 ingenii.

338 1226 515 1260 Ultimum
546 1227 676 1268 poetae
711 1232 855 1255 carmen
878 1222 1046 1265 Hymnus
1081 1220 1118 1253 in
1146 1219 1421 1264 Proserpinam,
1454 1222 1536 1263 post
1556 1217 1634 1252 fata

407 1282 484 1315 eius
508 1280 730 1324 divulgatuS,
754 1279 903 1323 Fragm.
929 1278 1065 1322 Hymn.
1089 1276 1123 1310 8.

337 1338 516 1373 Pindarus
537 1336 646 1382 Argis
667 1334 743 1370 obit
766 1333 1032 1380 octogenarius.
