1751 2986
1400 124 1496 152 LXIII

134 218 296 264 singulos
330 219 430 252 Iocos
467 217 624 262 legimus
664 218 818 251 alterum
850 221 931 261 post
965 218 1141 257 alterum3
1182 217 1431 250 examinamus
1463 220 1499 251 et

134 280 249 314 verba
271 280 443 322 cuiusque
473 279 544 313 loci
568 279 936 323 constructionesque,
968 283 1003 313 et
1026 290 1084 312 res
1108 279 1318 320 historicas,
1351 279 1383 312 si
1406 290 1498 322 quae

134 341 267 384 insunt,
299 340 564 383 coniunctisque
587 339 738 385 singulis
764 329 1164 374 omnibus-sententiam
1188 341 1394 385 colligimus
1418 342 1498 375 uni-

134 414 290 437 versam.
348 402 660 446 Quemadmodum
699 413 783 435 vero
809 403 982 436 sententia
1014 403 1085 436 loci
1109 403 1263 447 perspici
1287 404 1409 447 nequit
1432 404 1499 437 nisi

133 464 286 509 singulis
318 464 437 497 verbis
468 464 646 507 rebusque
678 463 887 506 intellectis,
928 464 979 497 sic
1011 465 1121 498 etiam
1154 466 1247 498 haec
1280 477 1348 498 non
1378 466 1498 499 dicere

135 525 249 569 possis
273 525 412 569 penitus
436 536 458 558 a
484 529 518 559 te
543 529 731 569 perspecta
755 526 822 559 nisi
846 530 919 559 tota
943 527 1119 560 sententia
1144 526 1305 571 cognita3
1329 528 1421 561 unde
1445 528 1499 570 fit,

135 590 174 620 ut
197 587 232 620 in
257 586 525 620 difficilioribus
550 587 651 629 locis,
675 591 868 631 antequam
892 589 1061 622 absolvas
1085 589 1282 633 negotium,
1307 590 1451 632 saepius
1476 600 1498 623 a

135 648 257 682 verbis
293 649 472 692 rebusque
502 648 657 693 singulis
690 649 736 682 ad
761 653 873 682 totam
904 650 975 683 loci
1007 650 1238 692 sententiam,
1276 651 1321 683 ab
1355 652 1426 684 hac
1451 651 1497 684 ad

133 709 278 755 singula
301 714 422 744 mente
444 709 561 743 redire
587 710 740 752 debeaS,
774 711 887 744 donec
912 712 1128 755 comparatis
1153 712 1319 744 omnibus
1343 714 1497 746 alterum

133 783 177 805 ex
201 773 315 805 altero
341 775 518 815 utcunque
542 770 731 804 definitum
754 772 905 805 habeas.
938 774 1058 816 Saepe
1082 784 1169 806 vero
1195 785 1238 806 ne
1263 774 1332 807 hoc
1353 775 1498 817 quidem

132 832 259 876 perfici
283 836 419 877 potest,
450 836 643 876 antequam
668 832 853 875 sequentia
878 834 1118 875 consulueris,
1151 835 1214 867 sed
1241 840 1278 868 ut
1301 836 1498 878 perfeceris

131 893 218 928 satis
240 895 350 937 bene,
382 906 492 938 quum
515 898 638 928 tamen
671 894 803 938 ubique
826 895 992 939 singulus
1016 896 1164 938 quisque
1188 898 1288 929 locus
1313 909 1393 930 cum
1418 898 1499 931 aliis

133 957 344 999 cohaereat,
369 957 479 991 etiam
501 956 553 990 sic
578 968 662 990 mox
684 957 794 990 sentis
818 957 1033 1001 ampliorem
1060 958 1170 990 aliam
1194 959 1259 991 tibi
1285 961 1497 995 sententiam

133 1018 387 1061 quaerendam,
413 1019 577 1062 pluribus
601 1019 692 1052 locis
714 1018 908 1053 coniunctis
931 1030 1022 1063 quae
1048 1019 1160 1053 subsit
1181 1023 1399 1063 connnunis3
1426 1034 1497 1066 qua

131 1078 278 1113 inventa
311 1083 347 1113 et
378 1081 530 1114 collecta
562 1092 581 1114 e
604 1080 829 1126 singulorum
860 1082 1023 1114 locorum
1055 1083 1344 1125 comparatione,
1378 1085 1495 1118 denuo

132 1139 229 1174 redis
253 1140 299 1174 ad
315 1142 420 1184 haec,
444 1142 628 1176 examinas
649 1144 763 1176 denuo
785 1142 916 1184 omnia,
942 1154 1006 1176 ncc
1020 1154 1103 1176 raro
1124 1143 1379 1179 animadvertis
1404 1159 1496 1190 quae

132 1213 224 1236 nunc
248 1203 353 1237 aliter
378 1204 541 1239 constitui
567 1206 721 1239 debeant
745 1216 853 1249 quam
875 1204 1027 1246 feceras,
1051 1209 1242 1249 antequam
1260 1211 1371 1241 totam
1397 1221 1496 1242 com-

131 1275 267 1310 pagem
292 1267 546 1310 perspexisses.
592 1268 739 1311 Iamque
764 1279 821 1301 res
847 1279 889 1301 eo
907 1268 1073 1310 adducta,
1099 1271 1137 1300 ut
1158 1274 1298 1311 partem
1317 1271 1497 1311 carminis,

132 1330 238 1370 caput
262 1326 345 1360 libri
368 1327 571 1373 intelligere
594 1329 661 1363 tibi
684 1329 853 1363 videaris.
909 1329 1039 1373 Pergis
1064 1329 1175 1373 igitur
1198 1332 1359 1375 longius;
1395 1334 1496 1366 addis

132 1392 273 1432 partem
299 1389 412 1432 parti,
445 1394 552 1434 caput
576 1391 686 1435 capiti
707 1391 816 1424 simili
842 1390 1004 1424 lectionis
1028 1391 1154 1432 modo,
1189 1392 1301 1425 donec
1327 1394 1496 1436 perlectis

133 1449 297 1483 omnibus
327 1454 508 1494 postremo
550 1453 658 1487 ctiam
690 1455 734 1487 de
766 1464 910 1486 sumina
950 1452 1124 1486 sententia
1157 1453 1221 1486 tibi
1264 1454 1495 1498 cogitandum

131 1511 276 1553 sentias,
299 1523 370 1556 qua
395 1518 515 1556 partes
540 1515 722 1556 orationis,
747 1515 904 1558 dialogi,
937 1514 1106 1547 carminis
1130 1515 1384 1551 contineantur.
1432 1518 1497 1552 Est

131 1573 229 1606 enim
256 1573 370 1607 omnis
394 1575 536 1609 omnino
562 1576 702 1610 classici
728 1577 846 1620 operis
870 1575 960 1609 ratio
986 1577 1098 1617 haec,
1136 1580 1174 1609 ut
1207 1580 1320 1609 totum
1345 1583 1497 1620 ponatur

130 1635 276 1679 ubique,
300 1639 338 1669 ut
362 1639 395 1669 et
417 1636 578 1682 singulus
603 1638 752 1681 quisque
773 1639 885 1680 locus,
910 1638 1054 1682 singula
1076 1649 1240 1681 quaeque
1259 1649 1342 1682 pars
1361 1641 1496 1675 unitate

130 1697 286 1741 placeat,
312 1701 348 1731 et
371 1697 469 1732 aliud
491 1699 608 1732 maius
626 1699 808 1732 vinculum
834 1700 926 1733 adsit
951 1711 1074 1732 omnes
1099 1705 1219 1743 partes
1243 1703 1496 1745 complectens,

131 1769 175 1793 ac
199 1759 293 1803 quod
315 1759 402 1794 olim
421 1760 489 1793 Fr.
510 1759 619 1804 Aug.
641 1759 838 1793 lVolqus
857 1761 894 1805 ³⁴⁶)
919 1761 1019 1802 dixit,
1044 1773 1124 1794 sero
1148 1761 1308 1796 Graecos
1327 1764 1495 1799 didicisse

130 1822 243 1854 totum
267 1830 400 1864 ponere
417 1819 452 1854 in
478 1821 590 1864 poesi,
616 1820 725 1854 hodie
742 1826 880 1856 constat
903 1822 1138 1856 falsissimum
1164 1836 1252 1868 csse,
1271 1837 1380 1868 quum
1404 1827 1496 1861 nihil

130 1881 250 1927 magle
281 1891 304 1915 a
341 1881 517 1926 principio
544 1882 683 1926 sequuti
721 1882 790 1917 sint
822 1883 857 1916 in
890 1885 1022 1918 artium
1059 1885 1227 1929 operibus
1268 1891 1303 1920 et
1341 1889 1495 1932 scriptiS‚

131 1954 196 1977 nec
229 1943 339 1977 fuerit
368 1955 458 1989 gens
486 1944 746 1990 ingeniosior-es
788 1956 879 1988 quae
913 1947 1174 1991 excogitaverit
1207 1950 1494 1991 compositiones.

131 2005 192 2039 Sic
215 2005 327 2039 etiam
349 2004 387 2038 in
409 2006 558 2040 Pindari
581 2006 801 2040 carminibus
825 2008 919 2050 quod
944 2008 1032 2040 olim
1056 2018 1125 2040 non
1152 2007 1344 2042 videbatur
1368 2010 1494 2054 inesse,

130 2067 240 2102 hodie
264 2070 402 2100 certum
423 2071 477 2101 est
499 2079 567 2101 non
591 2068 717 2101 abesse
742 2069 788 2101 ab
813 2070 888 2101 ullo
909 2068 1081 2102 carmine.
1129 2068 1201 2102 Sed
1226 2070 1319 2103 haec
1345 2083 1402 2105 res
1426 2084 1495 2106 non

132 2128 263 2172 ubique
285 2128 406 2162 facilis
423 2133 611 2172 perspectu
641 2140 746 2162 usum
772 2129 881 2162 etiam
901 2129 1158 2163 diuturniorem
1180 2133 1338 2175 requirit.
1379 2135 1496 2178 Atque

131 2190 228 2234 apud
251 2189 449 2224 Pindarum
472 2190 615 2233 quidem
640 2201 749 2233 quum
772 2190 904 2233 duplex
928 2190 972 2224 sit
996 2196 1250 2236 argumentum
1273 2193 1363 2237 fere,
1399 2195 1495 2229 dire-

132 2254 229 2286 ctum
251 2255 287 2286 et
311 2251 531 2296 mythicum,
564 2252 719 2295 primum
744 2251 789 2284 ad
814 2252 972 2285 directae
996 2254 1166 2287 orationis
1186 2266 1330 2289 sensum
1355 2258 1496 2291 attende

132 2325 241 2359 quam
273 2312 562 2354 accuratissime,
591 2312 668 2355 quis
699 2312 813 2346 victor
836 2313 900 2355 sit,
934 2325 1024 2358 quae
1049 2316 1221 2360 victoria,
1256 2319 1340 2362 quid
1372 2320 1496 2353 laudet

131 2375 290 2410 maxime
319 2380 447 2421 poeta,
471 2374 683 2408 felicitatem
707 2385 752 2408 an
777 2375 966 2417 virtutem,
998 2378 1161 2420 quodque
1193 2391 1307 2424 genus
1340 2380 1494 2421 virtutis,

132 2436 215 2481 quid
238 2437 481 2481 reprehendat
505 2440 540 2471 et
563 2436 753 2470 desideret.
786 2432 924 2471 Deinde
947 2437 1110 2473 fabulam
1129 2440 1295 2474 examina
1320 2445 1355 2475 et
1372 2441 1497 2474 confer

155 2576 196 2620 ²⁶)
224 2576 400 2621 [Prolegg.
426 2578 461 2610 in
487 2578 627 2609 Homer.
665 2588 699 2620 p.
728 2578 803 2611 125.
859 2579 927 2611 Sed
960 2578 1038 2611 vide
1063 2580 1263 2625 Bernhardy
1290 2580 1380 2613 Hist.
1407 2580 1491 2614 Litt.

220 2624 345 2656 Graec.
372 2625 397 2656 1.
423 2635 458 2667 p.
487 2624 562 2657 111.
587 2622 701 2666 SCH]
