1751 2986
327 75 349 102 c

416 166 471 199 Ex
498 165 569 200 illis
592 164 749 200 fontibus
772 163 950 196 fluxerunt
973 162 1042 195 duo
1070 161 1171 205 quasi
1195 161 1428 197 scholiorum
1451 164 1616 196 veterum
1639 163 1691 197 ri-

326 228 414 262 vuli.
469 228 592 261 Altera
624 227 717 260 enim
752 236 875 258 eorum
912 223 1057 257 familia
1094 224 1254 267 vulgatis
1285 224 1442 258 Scholiis
1480 224 1691 266 continetur,

327 291 480 323 alteram
505 289 667 322 efficiunt
692 298 754 327 ea,
782 297 874 329 quae
899 285 933 318 in
960 285 1082 318 codice
1108 285 1377 318 Vratislaviensi
1399 287 1429 320 A
1466 286 1558 319 miro
1583 286 1691 319 modo

326 351 491 383 mutilata
523 353 557 382 et
589 350 788 393 depravata
812 347 1066 391 perduravere.
1103 346 1204 379 Unde
1230 346 1365 389 primus
1390 347 1501 381 edidit
1524 360 1567 381 ex
1584 349 1692 381 sche-

326 411 380 445 dis
413 412 455 443 E.
491 410 727 443 Gerhardi
760 414 794 443 et
827 410 864 442 C.
900 409 944 441 G.
979 407 1263 442 Schneideri
1297 408 1536 453 Augustus
1569 409 1692 442 Boe·-

327 471 502 505 ckhius.
560 472 601 504 In
632 475 783 515 utraque
816 470 1022 504 recensione
1054 470 1167 502 multa
1200 474 1410 512 comparent
1440 470 1692 512 additionibus,

323 534 597 575 mutationibus,
622 533 885 574 omissionibus,
911 531 1178 564 confusionibus
1203 531 1412 572 obliterata3
1437 544 1471 565 v.
1491 533 1691 565 Boeckh.

324 608 360 639 p.
384 596 499 628 XXIV
523 607 621 638 seqq.
678 597 826 628 Praeter
849 591 1166 627 Vratislaviensem
1192 593 1344 635 librum,
1368 594 1429 636 qui
1453 595 1499 627 ad
1522 593 1694 638 Olympia

325 657 473 691 exhibet
505 657 649 690 diversa
683 656 915 694 Scholiorum
942 653 1198 698 συντάγματα,
1230 655 1472 688 Boeckhio
1497 656 1542 688 ad
1569 667 1691 688 emen-

325 719 443 753 danda
476 720 627 763 vulgata
659 718 808 753 Scholia
837 717 968 750 eximio
1000 717 1082 750 usui
1122 716 1190 749 fuit
1223 716 1334 749 codex
1367 715 1614 760 Gottingensis
1648 717 1693 750 ad

324 780 498 826 Olympia
529 784 564 814 et
599 781 751 824 Pythia,
790 780 863 812 iam
899 779 997 822 prius
1031 779 1076 811 ab
1109 777 1289 823 Heynio
1322 778 1513 821 inspectus.
1570 778 1692 811 Boe-

325 842 492 876 ckhius
525 845 714 885 praeterea
757 842 890 873 collata
927 841 1080 873 editione
1122 840 1289 873 Romana
1325 840 1566 883 consultisque
1611 839 1694 873 aliis

323 904 429 938 libris
458 903 646 935 deterioris
676 906 783 935 notae
816 913 958 935 omnem
989 901 1220 934 Scholiorum
1262 901 1429 945 syllogen
1459 902 1623 944 improbo
1659 905 1694 935 et

324 964 486 999 taedioso
511 964 637 996 labore
662 967 697 996 et
721 963 900 1006 congessit
924 965 958 994 et
984 962 1144 1005 digessit.

417 1024 684 1059 Grammaticos
717 1023 975 1058 Alexandrinos
1011 1034 1208 1066 eorumque
1248 1024 1404 1056 asseclas
1446 1024 1626 1068 excipiunt
1658 1027 1694 1058 et

324 1089 555 1122 saeculorum
579 1086 770 1120 intervallo
796 1084 961 1118 disiuncti
987 1088 1021 1117 et
1045 1085 1229 1117 doctrinae
1267 1084 1425 1118 exilitate
1451 1086 1695 1131 angustiisque

324 1150 525 1184 studiorum
550 1160 633 1181 cum
663 1147 736 1181 illis
760 1148 1043 1190 haudquaquam
1069 1146 1300 1189 comparandi
1325 1146 1460 1180 literati
1488 1147 1693 1191 Byzantini.

324 1213 487 1257 Quorum
512 1210 660 1244 Scholia
685 1214 719 1243 et
743 1209 953 1252 loquaciora
978 1213 1012 1241 et
1037 1208 1213 1241 ieiuniora
1244 1208 1289 1241 ad
1313 1208 1394 1240 sola
1416 1207 1588 1251 Olympia
1612 1220 1695 1252 per-

324 1274 446 1309 tinent.
496 1271 772 1315 Antiquissimus
798 1281 924 1303 eorum
948 1269 1233 1302 Eustathius
1258 1272 1333 1309 est,
1358 1268 1430 1311 qui,
1453 1269 1571 1302 medio
1597 1280 1693 1303 saec.

324 1335 404 1370 XII.
430 1334 593 1376 inclitus,
622 1331 677 1367 ἔτι
713 1330 750 1366 ἐν
776 1332 966 1370 διακόνοις
998 1328 1050 1365 ὢν
1078 1328 1307 1376 Πινδαρικάς
1343 1329 1577 1375 nugs-uanas·
1609 1342 1694 1364 con-

326 1397 548 1437 cinnaverat,
576 1396 622 1428 ad
646 1405 735 1438 quas
759 1394 902 1437 saepius
925 1393 960 1426 in
984 1393 1189 1426 Homericis
1216 1395 1408 1436 provocat3
1435 1404 1470 1425 v.
1493 1393 1695 1427 Boeckh.

325 1470 361 1502 p.
387 1458 519 1492 XXIX.
568 1458 665 1500 Quas
689 1457 786 1500 ipsas
808 1455 945 1500 perisse
970 1456 1162 1488 dolendum
1188 1459 1256 1488 est:
1284 1454 1526 1499 prooemium,
1555 1455 1599 1488 de
1625 1466 1695 1498 quo

325 1530 437 1562 supra
471 1519 658 1562 dicebam,
692 1522 875 1551 servatum
910 1520 1098 1551 laetamur.
1154 1517 1291 1550 Pendet
1325 1515 1487 1550 doctrina
1514 1516 1696 1550 Eustathii

327 1591 350 1614 a
372 1583 546 1619 παλαιοῖς
570 1580 654 1622 suis,
679 1591 831 1623 quorum
847 1578 1095 1612 commentarii
1117 1578 1247 1611 nostris
1266 1578 1482 1622 copiosiores
1501 1578 1568 1622 ipsi
1590 1590 1696 1622 prae-

328 1643 465 1675 claram
489 1641 677 1673 materiem
702 1644 977 1684 suggesserunt:
1003 1640 1260 1674 verbositatem
1277 1640 1413 1674 addidit
1436 1640 1481 1673 de
1498 1651 1574 1674 suo.
1607 1640 1696 1684 Epi-

327 1702 424 1736 nicia
446 1701 519 1735 iam
545 1704 621 1734 tum
636 1702 714 1735 sola
731 1701 970 1742 metabantur,
996 1701 1135 1745 reliqua
1152 1702 1287 1734 dudum
1312 1701 1486 1735 oblivioni
1503 1705 1604 1736 erant
1620 1706 1697 1736 tra-

330 1764 422 1798 dita:
445 1763 607 1796 Eustath.
622 1761 676 1798 34.
691 1775 724 1807 p.
741 1762 804 1795 24:
826 1761 1026 1807 Ποιήματα
1045 1762 1160 1797 πολλὰ
1177 1763 1320 1807 γράψαι
1339 1764 1527 1810 Πίνδαρος
1542 1762 1694 1808 λέγεται,

330 1821 382 1860 ὦν
406 1825 468 1860 καὶ
494 1823 673 1870 φέρονται
697 1823 765 1859 ov’u
790 1821 916 1868 ὀλίγα,
949 1819 993 1858 ου’
1019 1821 1093 1867 μὴν
1117 1824 1162 1857 τὰ
1189 1823 1313 1857 πάντα
1334 1823 1696 1869 ὑπεμνηματισμένα.

329 1889 377 1921 Et
407 1887 529 1920 statim
554 1890 652 1930 post:
691 1885 870 1928 ἐπίνικοι,
912 1884 948 1920 οἳ
990 1885 1052 1920 καὶ
1086 1883 1327 1930 περιάγονται
1361 1885 1521 1929 μάλιστα
1553 1884 1617 1921 διὰ
1652 1886 1693 1921 τὸ

330 1947 661 1994 ἅνθρωπικώτεροι
694 1945 790 1981 εἶναι
813 1947 876 1981 καὶ
908 1944 1130 1991 ὄλιγόμυθοι
1161 1945 1223 1980 καὶ
1247 1945 1340 1990 μηδὲ
1364 1945 1464 1981 πάνυ
1489 1946 1582 1991 ἔχειν
1607 1946 1695 1983 ἆσα-

332 2010 413 2055 φῶς
444 2007 540 2043 κατά
565 2022 604 2053 γε
635 2007 682 2044 τὰ
707 2007 811 2043 ἄλλα.
867 2009 997 2042 Priora
1033 2021 1076 2042 ex
1110 2008 1365 2042 vetustioribus
1386 2013 1550 2052 servata,
1586 2010 1698 2054 ipsius

333 2074 451 2106 aetate
476 2075 621 2114 praeter
644 2071 852 2116 fragmenta
876 2071 1033 2104 aliorum
1058 2070 1257 2104 carminum
1290 2072 1367 2104 sola
1391 2071 1544 2115 epinicia
1569 2083 1696 2116 super—

333 2135 445 2166 erant.
501 2133 554 2165 Ab
580 2133 769 2167 Eustathio
793 2132 978 2176 proximus
1003 2136 1056 2166 est
1086 2133 1289 2166 Thomas
1314 2133 1570 2178 Magister,
1594 2134 1697 2168 initio

332 2205 428 2228 saec.
453 2194 543 2226 XIV.
571 2195 734 2236 celeber,
760 2195 819 2238 qui
842 2195 991 2228 Scholia
1016 2198 1140 2228 vetera
1171 2194 1363 2239 digessisse
1387 2194 1539 2228 videtur.
1592 2197 1698 2230 Hunc

334 2266 417 2287 cum
442 2255 643 2289 Pindaricis
665 2256 951 2290 familiaritatem
976 2260 1055 2299 post
1080 2255 1213 2289 editam
1238 2256 1383 2289 demum
1408 2256 1587 2301 Eclogam
1612 2269 1698 2291 con-

333 2315 485 2350 traxisse
510 2316 717 2351 observavit
739 2318 803 2351 Fr.
830 2318 995 2351 Ritsch
1008 2317 1127 2351 elius
1153 2318 1324 2361 Prolegg.
1349 2319 1478 2362 Eelog.
1502 2330 1536 2361 p.
1555 2319 1695 2354 CXVII.

335 2378 539 2421 Sequuntur
561 2379 744 2412 Manuel
769 2379 1114 2422 Moschopulus
1134 2379 1387 2420 Cretensis,
1412 2379 1469 2422 qui
1489 2390 1584 2414 saec.
1605 2382 1696 2415 XIV.

336 2442 487 2472 exeunte
512 2439 612 2482 vixit,
637 2442 672 2472 ct
696 2439 971 2473 Demetrius
996 2439 1268 2481 Triclinius,
1292 2440 1350 2483 qui
1374 2451 1470 2474 saec.
1483 2442 1556 2475 XV.
1589 2443 1696 2478 Uter-

337 2511 405 2544 que
427 2499 576 2534 Scholia
607 2501 816 2544 conscripsit
846 2500 943 2544 ipse,
976 2511 1067 2544 quae
1100 2500 1387 2545 Boeckhius,
1429 2506 1599 2547 quantum
1630 2516 1696 2549 per

333 2560 509 2597 librorum
540 2560 781 2597 conditionem
808 2561 929 2604 licuit,
961 2561 1075 2606 signis
1106 2573 1128 2597 a
1158 2575 1198 2597 se
1230 2562 1410 2606 distinxit3
1446 2577 1481 2600 v.
1505 2565 1626 2601 Praef.
1657 2578 1693 2612 p.
