1751 2986
320 128 442 157 xlavm

319 220 596 266 praeparatione
619 220 698 253 sola
722 229 792 252 non
809 217 951 251 efficias
973 216 1035 250 hic
1060 217 1191 260 omnia,
1215 217 1343 261 quibus
1366 227 1456 261 opus
1478 216 1592 250 habet
1605 225 1683 256 ars;

320 284 494 318 accedere
528 283 634 316 debet
664 281 721 313 im
734 278 933 323 plicatio
965 278 1193 321 partium,
1229 290 1320 323 quae
1343 279 1389 312 ab
1414 277 1683 321 interpositione

320 346 462 389 pendet.
494 344 609 386 Atque
634 343 678 375 de
702 342 774 374 hac
798 352 890 373 nunc
915 342 968 373 est
987 340 1187 374 dicendum.
1221 339 1453 374 Pindaricum
1474 349 1629 380 carmen,
1653 337 1684 370 si

319 406 446 439 brevia
471 405 648 447 quaedam
673 401 844 445 excipia8‚
870 402 1009 434 duabus
1026 402 1214 435 minimum
1234 402 1397 446 partibus
1417 403 1552 432 constat
1577 410 1685 442 prae-

319 471 373 500 ter
396 466 642 510 prooemium,
672 474 823 507 quarum
847 464 907 496 vel
932 463 1065 506 excipit
1088 475 1158 496 una
1183 465 1336 496 alteram
1367 463 1426 495 vel
1452 461 1686 504 interponitur

320 528 423 562 alteri
448 527 484 560 in
509 528 597 560 duos
620 527 720 559 locos
743 524 893 558 divisae.
934 525 1012 557 Iam
1036 525 1098 557 fac
1123 524 1278 568 primum
1304 525 1390 556 duas
1407 526 1527 566 partes
1551 522 1686 566 positas

320 599 429 621 unam
453 590 533 631 post
557 588 709 620 alteram
734 586 881 625 haberi3
918 587 1048 619 harum
1072 585 1103 618 si
1127 585 1225 628 prior
1247 588 1384 618 tantum
1408 587 1627 628 praeparata
1650 584 1687 617 in

321 648 507 692 prooemio
533 652 602 690 est,
628 650 743 681 altera
767 658 854 681 vero
881 647 993 690 priori
1017 650 1149 687 assuta,
1175 647 1280 689 plane
1305 645 1543 679 intolerabilis
1566 646 1687 679 forma

317 710 495 752 nascitur,
527 721 571 742 ne
604 709 640 741 in
671 720 794 741 somno
829 709 973 752 quidem
1012 719 1103 751 quae
1127 708 1283 742 Pindaro
1315 707 1351 740 in
1375 711 1533 740 mentem
1562 707 1687 741 venire

319 774 461 815 poterat
486 781 551 803 nec
574 770 753 813 reperitur
777 771 874 814 apud
900 782 983 803 eum
1006 781 1168 813 usquam.
1203 770 1266 803 Sin
1286 769 1416 803 ambae
1434 773 1555 813 partes
1579 779 1687 812 prae-

317 835 467 876 paratae
491 831 676 874 prooemio
692 834 773 864 sunt
798 835 833 864 et
850 832 931 864 inde
954 832 1121 874 pendent,
1146 842 1190 863 ne
1209 830 1260 864 sic
1281 829 1425 874 quidem
1449 830 1544 862 bona
1567 829 1687 863 forma

318 897 390 936 est,
434 892 500 925 nisi
540 892 650 925 etiam
688 893 849 936 ipsarum
886 892 1045 936 partium
1078 892 1234 924 secunda
1275 903 1318 924 ex
1359 891 1480 934 priore
1520 891 1687 934 pendeat.

317 954 424 998 Quod
456 953 577 986 statim
610 954 730 987 locum
754 953 926 995 habebit,
959 953 989 986 si
1019 953 1174 985 secunda
1207 951 1383 985 rationem
1407 952 1534 986 reddat
1557 951 1688 995 prioris

317 1017 353 1048 et
378 1024 525 1048 causam
557 1013 633 1046 eius
658 1015 856 1055 contineat,
889 1016 928 1047 ut
959 1013 1011 1046 sic
1044 1012 1154 1046 etiam
1186 1023 1251 1056 per
1281 1012 1441 1055 priorem
1470 1017 1688 1057 praeparata

319 1076 364 1108 sit
389 1079 495 1118 atque
520 1075 657 1108 interno
682 1075 826 1109 vinculo
851 1086 894 1108 ex
920 1086 963 1107 ea
987 1084 1090 1107 nexa.
1138 1073 1312 1117 Agnoscis
1343 1074 1452 1108 etiam
1477 1086 1544 1107 non
1568 1075 1687 1109 moni-

317 1141 372 1170 tus
410 1147 518 1179 quam
561 1136 715 1169 diximus
756 1136 972 1179 positionem
1005 1135 1058 1168 rei
1100 1134 1135 1168 in
1169 1135 1398 1178 sequentibus
1435 1136 1685 1180 explicandae.

316 1198 509 1231 Prooemio
534 1201 652 1231 autem
678 1209 769 1231 nunc
794 1199 852 1231 vel
878 1196 1058 1230 definitius
1080 1198 1140 1229 vel
1164 1196 1383 1230 indefinitius
1413 1198 1578 1231 nuntiare
1602 1197 1688 1232 licet

316 1270 472 1292 carmen.
520 1260 610 1293 Sunt
643 1260 740 1302 apud
767 1258 962 1291 Pindarum
987 1258 1056 1290 duo
1082 1259 1248 1301 exempla
1272 1258 1380 1291 huius
1405 1259 1686 1303 compositionis.

313 1320 416 1353 Nem.
443 1321 487 1353 X.
520 1320 556 1353 in
581 1320 700 1363 prima
726 1321 827 1362 parte
851 1318 1022 1352 fortitudo
1059 1319 1229 1363 gymnica
1255 1319 1395 1353 Theaei
1419 1321 1589 1354 laudatur
1612 1320 1686 1353 sin-

314 1381 455 1426 gularis
479 1385 515 1415 et
538 1382 737 1423 maiorum,
773 1380 808 1413 in
836 1381 949 1413 altera
973 1391 1075 1413 amor
1102 1381 1302 1422 fraternus,
1337 1391 1445 1424 quam
1477 1392 1553 1413 rem
1579 1380 1688 1415 simul

314 1442 350 1475 in
375 1453 484 1475 causa
519 1444 595 1475 vult
629 1453 708 1474 esse
739 1441 994 1485 gymnicorum
1026 1443 1216 1484 decorum,
1255 1442 1445 1486 perspicue
1477 1441 1686 1485 significans

315 1502 438 1536 datam
462 1514 485 1536 a
508 1502 729 1547 Tyndaridis
752 1503 826 1535 vim
860 1503 1071 1536 athleticam
1093 1504 1193 1548 genti
1225 1515 1304 1537 esse
1328 1506 1476 1547 propter
1499 1502 1685 1536 iustitiam.

314 1565 506 1598 Prooemio
531 1575 809 1607 praemonemur
844 1567 879 1597 et
901 1564 1146 1598 fortitudinem
1171 1568 1207 1598 et
1231 1565 1321 1598 alias
1345 1564 1497 1598 virtutes
1520 1564 1687 1597 cardina-

315 1627 391 1666 les,
426 1625 653 1668 prudentiam
685 1624 950 1668 iustitiamque,
987 1625 1063 1659 iam
1097 1626 1184 1659 olim
1215 1625 1323 1671 Argis
1353 1625 1525 1670 viguisse.
1582 1626 1686 1669 Quae

315 1689 369 1720 est
392 1686 577 1719 nuntiatio.
631 1686 795 1719 Alterum
820 1697 965 1719 carmen
989 1687 1098 1720 huius
1129 1688 1272 1732 generis
1298 1691 1352 1721 est
1375 1687 1500 1720 Isthm.
1525 1687 1588 1728 11.,
1621 1686 1685 1721 ubi

313 1746 349 1779 in
374 1747 492 1790 prima
517 1750 619 1790 parte
643 1746 819 1781 victoriae
845 1749 987 1781 curules
1003 1749 1216 1782 Xenocratis
1235 1749 1489 1792 praedicantur
1512 1759 1534 1781 a
1557 1747 1626 1781 diis
1651 1748 1686 1782 ei

314 1809 445 1849 datae,
469 1808 504 1841 in
530 1810 644 1842 altera
668 1820 733 1852 per
757 1809 928 1843 virtutum
953 1811 1101 1843 laudem
1126 1810 1220 1843 ratio
1245 1810 1419 1852 redditur,
1443 1821 1506 1842 cur
1531 1809 1581 1843 dii
1603 1812 1684 1843 tan-

312 1868 437 1913 topere
461 1870 620 1903 faverint
642 1870 732 1903 viro.
786 1871 827 1904 In
851 1872 1039 1914 prooemio
1063 1875 1172 1915 poeta
1198 1872 1406 1906 dilationem
1431 1870 1598 1905 carminis
1622 1882 1685 1904 ex-

313 1942 440 1964 cusans
465 1931 555 1964 nihil
580 1931 762 1975 significat·
785 1932 853 1965 nisi
878 1944 970 1966 nunc
992 1944 1030 1966 se
1051 1936 1288 1966 cantaturum.
1336 1933 1409 1967 Sed
1432 1935 1550 1976 potest
1573 1932 1684 1966 etiam

313 2005 378 2037 per
402 1993 720 2035 consequutionem
746 1993 897 2026 effectus
918 1995 1075 2028 secunda
1098 2005 1182 2038 pars
1205 1994 1303 2039 iungi
1324 1993 1448 2038 priori.
1489 1994 1550 2027 Sic
1567 1994 1624 2027 Ol.
1641 1994 1683 2027 V.

313 2054 350 2088 in
373 2054 492 2097 prima
522 2056 624 2097 parte
657 2053 772 2088 virtus
795 2055 999 2088 Psaumidis
1033 2057 1255 2099 explicatur,
1287 2056 1347 2099 qui
1380 2067 1446 2089 nec
1477 2055 1595 2089 labori
1618 2067 1684 2089 nee

312 2115 511 2158 sumptibus
537 2126 687 2158 parcens
711 2116 839 2149 urbem
862 2117 1018 2161 patriam
1043 2119 1200 2161 deosque
1225 2117 1302 2151 eius
1325 2119 1497 2151 tutelares
1521 2116 1684 2158 ornavit3

313 2176 348 2209 in
373 2177 489 2208 altera
513 2187 639 2218 preces
664 2177 755 2211 fiunt
779 2189 843 2222 pro
869 2179 992 2213 futuro
1015 2180 1106 2213 ssore
1131 2179 1229 2212 urbis
1254 2183 1289 2213 et
1313 2179 1392 2212 cive
1417 2178 1682 2223 Olympionica.

311 2237 412 2280 Quae
436 2247 494 2269 res
518 2236 569 2269 sic
595 2241 647 2271 est
671 2237 921 2284 intelligenda,
947 2251 1073 2275 causas
1094 2252 1242 2285 precum
1266 2241 1302 2274 in
1326 2240 1444 2284 prima
1468 2243 1569 2282 parte
1593 2249 1682 2273 esse.

311 2298 448 2333 Pendet
471 2297 581 2341 igitur
601 2301 759 2333 secunda
792 2312 834 2333 ex
861 2300 978 2344 prima
1002 2306 1041 2336 ut
1065 2314 1084 2336 e
1111 2313 1230 2335 causa.
1278 2302 1368 2335 Sunt
1396 2302 1468 2334 hae
1502 2301 1682 2344 composi·-

311 2358 444 2400 tiones,
467 2362 506 2392 ut
531 2358 608 2402 ipse
632 2361 752 2402 vides,
777 2361 1090 2405 simplicissimae,
1127 2367 1162 2396 et
1199 2373 1372 2406 perquam
1398 2366 1569 2407 angustos
1591 2363 1683 2396 fines

311 2420 464 2454 haberet
488 2430 558 2462 ars,
583 2421 615 2454 si
638 2422 726 2455 nulli
751 2423 813 2456 alii
838 2423 934 2456 modi
948 2426 1205 2467 *suppeterent3
1230 2435 1314 2457 nam
1339 2423 1448 2457 etiam
1467 2425 1560 2457 haec
1576 2425 1680 2467 ratio,

312 2481 459 2515 serenda
479 2481 555 2523 illa,
576 2483 638 2517 ubi
656 2484 748 2517 duae
769 2488 889 2527 partes
906 2488 997 2527 sunt,
1016 2485 1182 2529 displicet
1196 2485 1306 2518 nimia
1326 2485 1556 2529 simplicitate
1575 2490 1610 2520 et
1625 2487 1680 2520 la-

314 2543 435 2585 xitate,
459 2542 522 2576 ubi
546 2546 630 2585 tres,
665 2549 703 2578 ut
726 2547 865 2579 nullum
888 2547 985 2590 apud
1011 2547 1208 2580 Pindarum
1233 2556 1378 2581 carmen
1403 2547 1448 2580 sit
1478 2547 1584 2580 huius
1615 2548 1679 2581 ‹le-

603 2604 743 2632 Prooem.

313 2638 514 2682 scriptionis
598 2675 634 2679 m
650 2642 691 2711 —b
710 2613 814 2710 ⁴).
846 2641 966 2684 Quare
995 2641 1066 2675 alia
1084 2646 1211 2685 poetae
1237 2643 1405 2676 tentanda
1428 2641 1583 2676 fuerunt.
1607 2642 1677 2675 Ac-

610 2691 628 2710 a
715 2693 730 2712 C
