1751 2986
1334 145 1426 172 XXIX

66 240 193 270 ornatu
216 247 338 270 rerum
362 235 499 280 lyrico,
532 234 685 278 denique
718 236 762 269 de
786 235 1061 279 praeparatione
1099 235 1202 270 varia
1224 248 1346 271 rerum
1382 238 1428 272 ad

65 297 284 331 movendam
307 300 343 330 et
365 297 556 330 tenendam
581 298 898 340 exspectationem.

154 357 251 400 Quid
283 356 488 402 significent
510 357 671 398 fabulae,
705 358 889 391 rarissime
915 357 1046 391 effatur
1069 358 1255 401 Pindarus,
1279 360 1343 393 sed
1368 371 1426 393 re-

64 418 190 462 linquit
212 418 340 452 lectori
364 420 639 462 explorandum3
663 422 783 452 tamen
808 420 929 453 titulus
955 431 1032 453 esse
1058 421 1180 462 debet,
1207 421 1267 464 qui
1292 422 1426 465 praefi-

64 483 171 524 gatur
195 479 411 522 narrationi,
442 481 535 514 unde
567 480 708 513 initium
742 482 849 514 ducat
880 485 915 514 et
947 493 1016 524 quo
1049 482 1290 524 contineatur,
1322 486 1428 526 atque

64 541 132 574 has
155 540 237 573 dico
269 541 478 574 unitates
507 541 798 583 fabularum,
833 543 876 575 de
901 543 1027 585 quibus
1058 547 1140 576 ante
1167 548 1286 577 cetera
1312 545 1427 588 expli—

63 602 230 635 candum.
277 601 392 646 Igitur
415 602 571 645 primum
596 602 738 645 quidem
760 603 935 636 Pindarus
959 604 1146 637 transitum
1170 604 1302 648 ubique
1326 616 1427 638 com-

63 664 212 696 modum
244 674 375 706 parare
398 665 490 697 solet
522 665 567 697 ad
592 665 775 707 niytliica,
808 669 847 697 ut
872 676 939 697 non
965 676 1007 698 ex
1034 666 1207 708 abrupto,
1239 667 1302 699 sed
1328 670 1427 700 certa

62 724 202 758 ratione
226 725 272 758 ad
296 735 339 758 ea
363 725 486 758 venire
510 725 686 766 videatur,
715 725 791 757 sive
817 738 882 769 per
909 726 1209 759 continuationem
1234 730 1268 760 et
1297 728 1427 771 ampli—

62 786 267 819 ficationem
291 786 407 820 laudis
431 790 580 829 coeptae
605 786 744 820 aliusve
768 787 820 819 rei
845 786 922 819 sive
945 799 1011 830 per
1044 787 1305 830 oppositionem
1328 789 1428 821 viam

61 847 132 880 sibi
154 847 329 889 muniens,
353 858 418 881 nec
440 859 590 891 usquam
615 849 686 881 hoc
710 847 901 881 artificium
926 848 1039 889 abest,
1066 848 1132 881 nisi
1152 850 1244 891 quod
1269 849 1304 882 in
1329 850 1427 893 prin-

63 908 167 952 cipiis
191 909 390 943 carminum
414 910 533 943 locum
556 910 694 943 habere
711 920 779 942 non
800 913 927 953 potest,
953 909 1014 942 ubi
1033 911 1231 953 alloquutio
1250 911 1427 954 legitima.

45 969 215 1014 <Ipsius
247 974 397 1004 autem
429 971 626 1005 fabulae
668 971 713 1004 in
744 970 904 1004 fronte
941 976 1021 1004 aut
1052 972 1312 1015 generatim
1345 983 1426 1005 an-

63 1032 319 1074 nuntiatur,
351 1032 457 1076 quid
482 1037 663 1076 agatur,
690 1036 770 1074 aut,
795 1033 976 1066 definitior
1001 1033 1060 1075 qui
1085 1038 1137 1066 est
1160 1033 1304 1076 modus,
1330 1045 1426 1066 sen-

61 1091 214 1126 tentia
246 1093 321 1126 vel
355 1092 531 1126 factum
564 1092 767 1136 ponitur,
803 1106 888 1137 qno
921 1098 1018 1127 tota
1045 1094 1267 1127 narratio
1292 1106 1425 1128 revo-

64 1153 167 1186 cari
200 1155 244 1186 et
275 1153 407 1187 cuius
439 1155 704 1197 explicatio
736 1155 889 1189 videri
925 1156 1099 1199 possin
1144 1156 1184 1189 in
1217 1156 1314 1189 fine
1349 1160 1426 1190 aut

61 1213 245 1247 reditur
286 1214 338 1248 ud
380 1215 463 1248 hoc
504 1216 785 1259 principium
824 1222 901 1250 aut
933 1217 1054 1251 alius
1096 1221 1230 1260 aptus
1271 1217 1426 1250 exitus

62 1279 264 1318 paratur.
290 1312 296 1316 ‚
327 1276 377 1309 Ac
420 1277 594 1311 nuntiatio
629 1279 772 1321 quidem
808 1279 873 1312 illa
903 1279 1173 1322 simplicissima
1215 1290 1284 1311 non
1316 1290 1426 1321 saepe

62 1340 272 1380 usurpatur,
301 1338 415 1371 veluti
437 1338 540 1372 Nem.
567 1339 624 1380 IV,
649 1338 705 1372 45.
763 1339 872 1383 Cypri
899 1344 933 1372 et
956 1339 1116 1383 Aeginae
1149 1341 1256 1373 dulce
1281 1351 1426 1373 carmen

62 1398 270 1442 promittens
293 1398 430 1431 nuntiat
452 1398 691 1433 Aeacidarum
715 1401 851 1442 laudes,
874 1401 1110 1443 similiterque
1133 1401 1260 1434 Isthm.
1285 1401 1341 1441 lv,
1369 1400 1426 1434 20.

63 1459 103 1501 V,
127 1460 204 1501 19.;
245 1461 372 1494 Isthm.
407 1460 444 1501 Ι,
479 1460 534 1493 16.
569 1465 690 1494 autem
722 1463 930 1495 Castoreum
964 1463 1172 1506 promittens
1204 1462 1255 1494 sic
1290 1464 1427 1496 nuntiat

62 1520 235 1564 mythica.
278 1519 335 1554 01.
361 1521 419 1561 vl,
441 1520 498 1554 26.
533 1522 693 1566 origines
727 1524 948 1556 Iamidarum
988 1535 1026 1557 se
1060 1525 1289 1557 laudaturum
1326 1523 1426 1566 dixit,

62 1581 165 1615 Nem.
191 1581 254 1623 lx,
290 1580 345 1614 1⁰.
378 1581 522 1615 Adrasti
554 1583 678 1616 laudes
710 1585 894 1627 promittit.
951 1586 1023 1619 Sed
1056 1585 1277 1629 frequentior
1312 1587 1426 1618 altera

61 1643 172 1684 ratio,
205 1642 267 1676 ubi
300 1643 486 1677 definitum
522 1644 645 1678 thema
678 1646 832 1689 ponitur.
889 1647 1004 1689 Atque
1029 1647 1091 1680 ubi
1116 1647 1290 1680 sententia
1315 1646 1426 1680 estin

62 1704 254 1750 principio,
285 1714 368 1738 raro
403 1716 446 1739 ea
478 1705 513 1739 in
544 1705 617 1739 fine
641 1707 752 1747 redit,
786 1707 923 1741 factum
959 1712 1081 1741 autem
1108 1720 1217 1752 quum
1250 1710 1323 1741 tale
1349 1719 1426 1741 esse

61 1768 193 1806 soleat,
223 1766 259 1799 in
283 1777 352 1809 quo
384 1767 500 1801 exitus
529 1766 680 1802 fabulae
703 1769 806 1809 insit,
837 1770 1013 1813 repetitur
1043 1769 1193 1812 ubique,
1227 1770 1307 1802 aliis
1341 1773 1427 1812 puta

61 1828 194 1871 verbis,
219 1827 255 1861 in
277 1828 363 1862 fine.
403 1828 563 1871 Videnda
586 1841 675 1863 nunc
701 1831 811 1864 etiam
835 1832 942 1865 huius
965 1832 1018 1865 rei
1041 1832 1208 1874 exempla
1232 1835 1322 1871 sunt,
1348 1833 1428 1874 post

61 1901 170 1934 quem
204 1901 391 1923 recensum
420 1890 456 1924 in
487 1891 560 1925 fine
592 1892 702 1926 etiam
734 1895 854 1936 plures
895 1894 1039 1927 fabulas
1075 1893 1213 1926 docebo
1247 1892 1426 1934 quomodo

61 1963 132 1986 uno
156 1952 258 1986 titulo
284 1953 476 1996 complecti
498 1953 590 1988 sciat
612 1954 798 1988 Pindarus.
855 1955 912 1988 Ol.
936 1956 964 1996 1,
990 1954 1034 1987 18
1058 1966 1155 1997 seqq.
1191 1954 1346 1987 laudans
1370 1952 1427 1986 vi—

63 2013 213 2048 ctoriam
245 2012 431 2056 Hieronis,
463 2026 528 2058 per
557 2015 882 2059 amplificationem
913 2016 1031 2049 laudis
1064 2027 1083 2047 e
1118 2016 1198 2047 loco
1223 2013 1426 2046 certaminis

62 2074 254 2118 petendam
277 2074 370 2118 Lydi
393 2075 540 2119 Pelopis
560 2077 738 2110 coloniam
759 2078 882 2111 Pisam
907 2081 942 2110 et
960 2074 1169 2120 Olympiam
1193 2074 1291 2116 dicit,
1313 2087 1348 2108 v.
1368 2073 1426 2107 24.

61 2135 176 2179 Atque
201 2137 296 2168 hunc
320 2147 413 2168 nunc
428 2136 573 2170 titulum
598 2138 677 2170 dico
700 2137 910 2185 narrationi,
936 2147 1046 2180 quam
1070 2140 1187 2180 parat,
1212 2135 1426 2179 praefixum,

62 2198 158 2231 hanc
181 2196 355 2230 unitatem
378 2197 466 2230 eius.
514 2198 636 2231 Posito
662 2199 757 2232 enim
781 2200 844 2233 illo
867 2197 1098 2233 memorabili
1120 2197 1228 2240 facto,
1250 2197 1333 2230 fieri
1357 2207 1427 2230 non

62 2262 190 2304 potest,
223 2258 308 2302 quin
338 2258 432 2291 scire
458 2258 592 2302 cupias,
617 2260 794 2302 quomodo
818 2260 942 2303 Lydus
964 2258 1173 2304 Olympiam
1196 2259 1428 2303 occupaverit

61 2321 205 2365 Pelops.
253 2321 331 2354 Iam
356 2330 449 2363 quae
473 2324 669 2363 sequuntur
691 2333 756 2365 pro
777 2320 1014 2365 explicatione
1037 2324 1128 2353 sunt.
1175 2321 1240 2354 Est
1263 2324 1345 2354 acta
1368 2331 1427 2354 res

63 2393 132 2426 ope
148 2382 314 2426 Neptuni,
349 2381 410 2425 qui
433 2380 515 2415 inde
539 2392 561 2415 a
584 2386 689 2425 partu
715 2382 852 2415 amavit
874 2381 1047 2424 Pelopem
1071 2385 1106 2415 et
1129 2386 1256 2425 postea
1281 2393 1425 2415 currum

62 2445 293 2478 celerrimum
325 2443 438 2483 dedit,
481 2453 525 2476 ac
557 2444 783 2477 continuatur
821 2443 978 2476 narratio
1020 2442 1162 2477 intextis
1195 2443 1285 2477 scite
1317 2444 1427 2477 etiam

62 2495 208 2540 Tantali
231 2506 358 2547 rebus,
389 2514 503 2548 usque
534 2504 620 2539 dum
641 2504 890 2549 Hippodamia
926 2507 1030 2548 parta
1052 2515 1181 2549 regem
1212 2505 1344 2538 harum
1367 2516 1425 2538 re-

62 2565 211 2611 gionum
241 2567 429 2601 videamus
461 2565 634 2609 Pelopem
664 2565 787 2610 ibique
819 2566 931 2600 etiam
972 2566 1154 2608 sepultum
1195 2570 1231 2600 et
1268 2566 1428 2600 heroicis

61 2626 260 2660 honoribus
293 2628 440 2661 cultum.
497 2627 558 2661 Sic
590 2628 776 2663 absolutus
810 2631 863 2661 est
896 2626 994 2660 orbis
1026 2627 1241 2670 propositus.
1298 2627 1426 2661 Obiter

63 2686 174 2728 addo,
209 2697 317 2730 quum
341 2688 531 2723 victoriam
554 2689 724 2725 Hieronis
748 2702 768 2724 e
791 2689 862 2724 loci
886 2687 1072 2723 nobilitate
1095 2688 1278 2723 illustrare
1301 2690 1423 2731 vellet,
