1751 2986
1362 180 1428 207 xxi

65 281 153 306 sane
177 270 302 305 Rhodi
326 270 458 304 decora
480 273 689 312 tractantur,
713 271 777 304 scd
802 271 886 315 quid
906 271 962 315 sit,
989 271 1083 314 quod
1103 282 1169 315 per
1188 275 1303 305 totam
1326 270 1430 304 illam

66 333 269 378 mythicam
292 332 534 366 narrationem
558 332 667 365 simul
693 343 795 364 casus
819 336 855 365 et
877 343 1017 366 errores
1037 332 1170 366 invitos
1188 334 1352 366 ostendat
1371 332 1430 366 his

65 395 256 429 decoribus
281 393 470 435 admixtos,
495 404 606 438 aegre
635 393 827 437 expedias,
852 394 921 427 nisi
943 393 978 426 in
1003 394 1080 437 ipso
1105 394 1242 428 victore
1266 394 1429 439 Diagora

63 455 134 490 fuit
156 456 252 499 quod
275 455 412 490 insulae
437 455 514 489 fato
539 456 723 499 proposito
747 465 920 487 excusare
945 456 1056 489 vellet
1079 460 1197 499 poeta.
1244 457 1360 499 Atque
1378 455 1429 489 ita

64 528 123 551 res
144 517 258 550 habet
282 517 316 550 in
340 516 433 551 aliis.
482 517 585 559 Quae
610 528 720 560 quum
745 516 795 549 ita
819 516 898 557 sint,
923 517 1032 549 redeo
1058 517 1103 550 ad
1127 516 1175 556 id,
1202 516 1294 559 quod
1321 526 1429 558 supra

65 577 179 622 posui,
202 589 294 611 nunc
318 577 481 621 pluribus
505 577 772 611 declarandum.
806 578 977 619 Vidimus,
1001 580 1127 621 quales
1151 579 1221 611 sint
1244 576 1427 610 subiectae

63 639 122 673 his
146 639 366 672 carminibus
390 638 597 672 sententiae.
634 639 712 672 Iam
736 641 879 682 placent
904 640 1048 683 quidem
1073 639 1183 673 etiam
1207 639 1283 672 sinc
1301 642 1428 672 ornatu

62 711 130 744 per
151 711 191 734 se
214 700 316 744 ipsae
341 702 376 732 et
399 711 485 733 vere
509 702 656 743 pulcrae
681 705 772 739 sunt,
799 705 837 733 ut
853 700 1104 743 intelleximus,
1129 702 1199 733 hac
1222 700 1426 743 propositae

63 760 255 794 societates
277 761 450 793 virtutum
483 767 544 795 aut
568 761 749 795 felicitatis
776 765 810 794 et
831 762 990 803 virtutis,
1024 763 1095 794 hac
1120 763 1427 805 compensationcs

62 832 182 854 rerum
206 824 391 865 gestanun
416 834 479 865 per
505 834 656 855 coronas
680 822 848 863 ludicras,
875 834 938 865 per
964 823 1099 866 poesin,
1124 824 1195 856 hae
1212 823 1428 856 consolatio-

62 893 125 916 nes
151 883 387 916 adversarum
410 895 531 917 rerum
557 896 619 928 per
642 885 829 925 secundas,
855 884 917 917 sed
942 889 1062 917 tamen
1086 889 1124 917 ut
1147 884 1277 927 ubique
1295 887 1427 917 tracta-

61 943 111 978 tio
134 954 308 988 magnam
332 943 406 977 vim
432 946 555 987 habet,
579 945 631 977 sic
656 945 766 978 ctiam
792 944 852 977 hic
882 949 1036 989 augetur
1054 945 1195 986 eximie,
1221 946 1330 978 immo
1349 956 1426 978 ma—

61 1006 161 1040 xima
185 1005 308 1040 evadit
331 1005 399 1048 vis,
424 1006 590 1051 dignitas,
615 1007 810 1039 auctoritas
835 1007 1041 1047 sentcntiae,
1068 1007 1131 1040 ubi
1154 1007 1261 1040 simul
1286 1008 1321 1041 in
1347 1009 1426 1040 luce

61 1069 225 1112 splendet
249 1069 328 1112 plus
352 1078 459 1111 quam
482 1069 660 1111 humana,
694 1068 756 1101 ubi
790 1069 825 1101 in
850 1068 983 1102 fabulis
1009 1069 1129 1102 aureis
1152 1069 1270 1113 fulget
1295 1080 1426 1112 propo—

60 1129 129 1164 sita
153 1134 188 1164 et
211 1129 246 1163 in
271 1130 420 1163 heroico
454 1135 514 1164 aut
540 1129 661 1164 divino
687 1132 852 1174 exemplo
881 1142 1051 1175 expressa
1076 1132 1242 1165 habetur.
1288 1131 1335 1163 ln
1361 1130 1425 1163 fa-

61 1191 190 1225 bulis
213 1191 365 1235 igitur
397 1191 554 1225 ideale
586 1194 848 1236 exemplum
882 1193 1008 1226 inest
1032 1193 1303 1226 sententiae
1329 1203 1425 1224 car-

61 1252 169 1286 mini
193 1253 461 1293 subiectae,
500 1257 535 1287 et
565 1266 673 1297 quum
705 1254 822 1298 prima
845 1255 959 1288 virtus
983 1254 1017 1287 in
1044 1254 1122 1297 ipsa
1145 1254 1320 1288 sententia
1346 1264 1426 1287 car-

61 1313 169 1348 minis
193 1314 256 1357 sit,
292 1315 406 1348 altera
430 1326 499 1348 non
523 1315 638 1348 minor
661 1315 697 1348 in
722 1316 856 1349 fabulis
881 1320 950 1358 est,
986 1316 1115 1358 quibus
1141 1327 1183 1349 va
1208 1317 1425 1349 declaratur.

61 1377 237 1410 Petuntur
260 1379 381 1409 autem
405 1377 476 1410 hae
503 1376 650 1410 fabulae
676 1379 886 1420 plerumque
922 1389 941 1410 e
967 1377 1171 1411 domesticis
1196 1378 1303 1410 rebus
1328 1376 1427 1410 urbis

61 1441 123 1472 aut
146 1438 283 1482 gentis,
316 1437 418 1471 cuius
443 1442 496 1472 est
521 1438 659 1478 victor3
692 1439 727 1471 in
759 1439 839 1472 aliis
864 1438 1081 1471 carminibus
1106 1450 1125 1471 c
1149 1439 1314 1472 ludorum
1338 1438 1428 1472 locis

60 1503 153 1541 sunt,
176 1503 214 1532 ut
237 1499 294 1532 ol.
320 1498 349 1531 Ι.
375 1499 438 1532 Ill.
461 1500 522 1533 Xl.
549 1500 657 1544 Pyth.
677 1501 739 1533 xl.
766 1500 868 1533 Nem.
890 1501 951 1534 lx.
966 1525 976 1540 ‚
1000 1500 1151 1542 denique
1177 1511 1291 1542 pauca
1316 1499 1425 1532 ctiam

60 1561 386 1605 talialeguntur,ut
401 1565 544 1595 narrata
559 1562 603 1594 de
617 1561 750 1601 lxione,
761 1561 894 1605 Cinyra
911 1566 945 1594 et
956 1561 1236 1594 Rhadamantho
1249 1561 1354 1605 Pyth.
1367 1561 1425 1603 11.‚

61 1623 106 1656 de
130 1621 308 1656 Coronide
340 1621 447 1665 Pyth.
467 1621 551 1663 Ill.,
587 1621 631 1655 dc
656 1622 794 1655 Aloidis
826 1627 861 1655 ct
892 1622 1000 1667 Tityo
1034 1624 1141 1668 Pyth.
1161 1624 1239 1665 ΠΖ,
1272 1634 1425 1666 quorum

59 1685 180 1718 nunus
203 1687 256 1718 est
280 1687 422 1727 praeter
445 1683 716 1717 similitudinem
741 1695 851 1717 nexus
876 1696 957 1717 cum
980 1685 1127 1718 victoris
1150 1686 1270 1718 rebus.
1318 1685 1427 1718 Cuius

59 1745 209 1779 instituti
232 1755 326 1788 quae
350 1755 460 1778 causa
483 1745 540 1786 sit,
566 1756 635 1778 non
649 1746 850 1778 obscurum.
883 1746 968 1779 Sive
988 1757 1123 1789 poenas
1143 1758 1324 1791 proponas
1339 1758 1425 1790 pra-

60 1806 194 1859 vitatis,
215 1806 294 1840 sive
317 1806 459 1840 virtutis
478 1807 652 1852 depingas
672 1808 947 1851 praestantiam,
970 1819 1114 1852 semper
1135 1809 1279 1852 quidem
1298 1813 1332 1842 ct
1346 1808 1425 1842 ubi—

60 1879 131 1912 que
154 1868 189 1902 in
211 1867 375 1913 mythica
398 1869 452 1902 rei
476 1869 636 1914 imagine
660 1869 855 1914 singularis
873 1870 929 1903 vis
948 1870 1050 1912 inest,
1076 1871 1217 1904 etiamsi
1236 1871 1327 1904 alius
1345 1872 1425 1904 nul-

60 1931 118 1964 lun
141 1929 336 1964 historicus
359 1941 470 1963 nexus
493 1930 604 1971 adsit,
631 1935 751 1965 tamen
774 1931 836 1964 ubi
859 1931 968 1965 simul
991 1932 1188 1965 domestica
1213 1932 1340 1965 fabula
1365 1943 1425 1964 ca-

60 1991 156 2026 nitur
180 1995 242 2025 aut
265 2003 284 2024 e
308 1991 482 2026 victoriae
505 1993 585 2026 loco
611 1993 734 2036 petita,
758 1997 834 2026 tum
857 2003 944 2025 vero
969 2003 1077 2034 quam
1100 1992 1182 2025 ficri
1206 1996 1323 2035 potest
1343 2003 1426 2035 pro-

61 2052 157 2087 xime
188 2053 348 2098 tangitur
379 2053 507 2088 victor.
556 2054 689 2088 Gravis
711 2055 843 2087 Ixionis
867 2053 993 2086 fabula
1016 2053 1124 2097 Pyth.
1147 2053 1192 2085 11.
1208 2080 1217 2094 ,
1254 2054 1317 2086 sed
1341 2064 1427 2098 gra-

62 2113 161 2155 vior,
191 2113 302 2147 immo
327 2114 546 2159 gravissima
569 2115 759 2160 Typhonis
783 2125 899 2158 poena
923 2114 958 2147 in
984 2113 1062 2157 ipsa
1086 2114 1212 2148 Sicilia
1235 2118 1317 2148 ante
1342 2125 1428 2147 ocu-

61 2175 116 2208 los
134 2173 305 2208 Hieronis
323 2175 430 2219 Pyth.
446 2176 474 2209 Ι.
509 2177 725 2219 Quanquam
739 2176 1018 2209 malefactorum
1037 2180 1072 2210 et
1091 2187 1289 2220 poenarum
1302 2187 1423 2209 exem-

62 2236 124 2280 pla
148 2247 192 2269 ex
215 2236 370 2270 heroum
395 2238 601 2271 domesticis
625 2238 759 2271 fabulis
782 2249 850 2271 non
875 2242 974 2271 amat
996 2241 1130 2282 petere,
1155 2249 1264 2281 quum
1279 2250 1336 2271 res
1354 2249 1424 2271 non

62 2297 264 2332 honorifica
286 2297 334 2331 sit
357 2299 518 2342 patriae,
551 2311 667 2342 neque
692 2301 896 2342 exemplum
918 2299 1126 2333 huiusmodi
1148 2299 1254 2333 video
1280 2303 1425 2343 praeter

63 2358 152 2393 illud
178 2360 222 2392 de
235 2359 350 2393 Phoci
373 2360 484 2394 caede
509 2371 531 2393 a
555 2360 728 2394 fratribus
753 2361 957 2402 commissa,
983 2364 1086 2394 caute
1111 2365 1146 2394 et
1169 2360 1329 2395 breviter
1351 2364 1426 2394 tra-

64 2423 200 2455 ctatum
221 2420 325 2455 Nem.
343 2421 407 2462 V.;
441 2423 553 2467 vulgo
586 2422 675 2456 talia
707 2423 899 2467 peregrino
933 2434 952 2456 e
976 2423 1054 2456 solo
1080 2426 1246 2470 petuntur
1267 2422 1426 2455 suavius.

64 2482 107 2516 ln
130 2482 260 2516 ceteris
285 2494 372 2517 vero
397 2483 507 2516 rebus
529 2485 687 2517 maxime
712 2483 911 2517 domestica
934 2482 1186 2526 praeferuntur
1209 2483 1372 2529 gentium
1392 2488 1427 2517 ct

64 2543 232 2584 urbium,
264 2547 304 2578 ut
326 2544 410 2579 dixi.
458 2545 499 2579 ln
531 2545 736 2580 domesticis
767 2545 864 2579 enim
894 2546 1050 2578 heroum
1073 2544 1206 2578 fabulis
1230 2545 1368 2588 indoles
1391 2548 1426 2578 et

64 2603 211 2639 fortuna
234 2606 397 2651 gentium
421 2609 456 2640 et
480 2606 644 2649 civitatis,
670 2608 799 2652 genius
822 2606 922 2640 urbis
946 2610 982 2640 et
1005 2606 1139 2640 civium
1159 2606 1316 2639 creditur
1340 2616 1425 2638 con-

66 2665 231 2711 spicufis3
262 2667 300 2702 in
324 2667 382 2702 his
404 2667 518 2713 igitur
539 2668 678 2702 fontem
715 2672 750 2702 ct
779 2669 1052 2702 fundamentum
1075 2666 1316 2712 praestantiae
1339 2677 1427 2700 suae

65 2730 102 2761 et
124 2726 294 2764 fortunae
317 2729 433 2764 victor
455 2730 555 2765 videt
578 2741 805 2774 expressu1n3
828 2730 864 2764 in
888 2729 945 2764 his
966 2729 1091 2774 imago
1114 2729 1241 2764 idealis
1258 2727 1428 2772 cuiusque
