1751 2986
226 116 375 146 Lxxvm

225 209 320 242 disse
344 207 511 242 fidissimi
541 211 649 242 testes
673 210 832 242 narrant.
886 207 940 241 Ita
964 207 1060 241 enim
1090 206 1277 252 fingebant
1299 217 1368 239 non
1391 209 1479 247 tam,
1503 207 1587 251 quia

225 270 522 314 Cynoscephalae
547 270 581 302 in
607 279 688 302 eam
713 272 853 312 partem
876 267 966 302 sitae
992 272 1105 310 erant,
1129 279 1236 311 quam
1252 272 1399 311 propter
1416 269 1586 305 viciniam

223 331 414 364 Musarum
439 330 738 367 Heliconiadum,
761 328 958 362 fautricum
981 334 1110 373 poetae
1133 333 1169 363 et
1191 333 1435 373 patronarum.

314 391 431 436 Igitur
463 395 566 434 pater
597 401 679 423 cum
710 391 908 424 Pindarum
939 391 985 424 ad
1015 391 1156 424 maiora
1191 395 1313 424 natum
1342 391 1588 434 intellexisset,

223 453 383 487 Athenas
405 452 521 492 misit,
556 463 625 494 qua
654 451 689 484 in
717 452 806 485 urbe
831 454 1012 485 clarorum
1043 452 1300 498 magistrorum
1328 451 1517 495 disciplina
1539 452 1588 486 ad

225 514 457 548 excolendam
488 513 648 547 innatam
672 514 883 547 facultatem
907 513 1087 556 poeticam
1110 514 1301 547 frueretur.
1360 514 1466 557 Quod
1491 514 1588 550 circa

224 577 371 620 Olymp.
396 575 554 616 LXVIII,
578 575 633 615 3.‚
667 586 750 607 cum
773 575 951 608 Pindarus
980 574 1058 607 fere
1089 574 1247 607 sedecim
1280 586 1391 608 annos
1424 577 1587 619 haberet,

223 637 386 671 evenisse
419 637 633 670 censendum
659 640 722 669 est.
777 636 940 669 Athenae
971 635 1044 669 iam
1076 640 1152 669 tum
1185 637 1305 679 poesis
1333 637 1461 670 favore
1485 637 1588 670 ineli-

223 702 282 732 tae
315 697 545 730 choricorum
580 698 780 731 carminum
810 697 969 731 artifices
1002 696 1258 730 celeberrimos
1295 699 1355 732 vel
1388 699 1590 733 allexerant

222 759 435 803 peregrinos
459 761 519 793 vel
542 759 742 792 affluebant
765 758 980 792 domesticis.
1018 758 1179 800 Quorum
1197 758 1307 792 facile
1330 759 1498 803 princeps
1521 759 1590 794 fuit

222 820 370 854 Lasus
400 820 777 863 Hermionensis,
822 818 841 854 ὁ
877 818 1160 864 περιᾳδόμενος,
1200 819 1288 865 παρ’
1317 816 1344 854 ὦ
1377 820 1588 865 ἐπαιδεύθη

221 881 292 925 τὴν
316 880 482 927 λυρικήν,
506 883 672 916 Eustath.
697 880 754 914 27.
779 893 814 924 p.
843 879 919 924 19„
945 881 1003 924 qui
1028 881 1246 915 Hermionae
1269 883 1454 928 Argolidis
1485 887 1588 917 natus

222 947 258 978 et
281 943 570 987 dithyrambicae
593 942 819 986 potissimum
842 941 943 985 poesi
972 942 1110 976 deditus
1141 947 1222 976 tunc
1246 944 1394 978 Athenis
1417 945 1588 990 degebat,

222 1016 291 1038 non
316 1010 424 1048 poeta
449 1000 567 1038 solum
592 1009 628 1037 et
650 1004 762 1037 homo
786 1003 929 1046 sapiens
954 1008 1062 1047 atque
1087 1009 1233 1048 acutus,
1265 1006 1327 1038 sed
1351 1005 1589 1049 peritissimus

221 1066 308 1100 artis
341 1066 501 1099 musicae
531 1069 746 1109 praeceptor
776 1064 896 1098 futuro
930 1070 1060 1109 poetae
1103 1066 1149 1099 ad
1182 1066 1389 1099 discendam
1421 1076 1588 1100 necessa·

220 1128 381 1170 riae11).
437 1129 529 1161 Cum
559 1127 654 1160 Laso
686 1125 920 1159 Athenienses
954 1127 1112 1160 artifices
1149 1132 1476 1161 commemorantur
1504 1128 1588 1170 duo,

222 1201 372 1232 quorum
395 1188 612 1222 institutione
636 1199 722 1220 usus
746 1187 792 1220 sit
814 1187 1003 1228 Pindarus,
1029 1189 1251 1233 Agathocles
1275 1194 1310 1223 et
1330 1190 1587 1233 Apollodorus.

220 1252 267 1284 Et
291 1252 462 1284 alteruter
494 1262 618 1284 eorum
642 1249 922 1295 προϊστάμενος
946 1252 1103 1283 κυκλίων
1135 1251 1255 1294 χορῶν
1286 1251 1350 1285 καὶ
1383 1249 1589 1295 ἀποδημῶν

220 1310 289 1354 τὴν
314 1312 557 1346 διδασκαλίαν
582 1311 769 1346 ἐπίστευσε
795 1310 972 1356 Πινδάρῳ
998 1313 1103 1345 παιδὶ
1129 1310 1229 1346 ὄντι·
1265 1309 1284 1347 ὁ
1313 1311 1354 1346 δὲ
1379 1307 1421 1346 εὖ
1454 1311 1495 1347 td
1521 1325 1588 1348 πι-

221 1372 365 1408 στωθὲν
389 1372 641 1417 διακοσμήσας
666 1371 907 1418 περιεβοήθη.
964 1373 1017 1406 De
1040 1374 1263 1418 Agathocle,
1293 1376 1482 1418 praeclaro
1505 1386 1587 1408 mu-

220 1436 294 1468 sico
319 1436 516 1478 eodemque
541 1435 715 1478 sophista,
740 1436 914 1469 videndus
931 1437 1035 1469 Plato
1054 1435 1199 1480 Protag.
1220 1448 1256 1478 p.
1272 1436 1350 1470 316.
1369 1437 1413 1470 Ε.
1434 1437 1587 1472 Lachet.

221 1509 255 1541 p.
284 1496 359 1530 180.
386 1498 426 1529 D.
455 1502 490 1530 et
512 1496 643 1539 reliqui
667 1497 714 1530 ad
738 1497 902 1529 Eustath.
929 1509 962 1540 p.
988 1496 1043 1529 20.
1071 1498 1353 1532 commemorati.

310 1559 447 1592 Nostris
480 1558 687 1592 hominibus
719 1557 870 1591 forsitan
902 1558 1071 1591 mirabile
1103 1559 1290 1602 videatur,
1323 1561 1418 1604 quod
1451 1560 1586 1594 Pinda-

218 1631 299 1653 rum
323 1625 449 1653 natura
475 1620 522 1652 ad
546 1620 671 1663 poesin
695 1619 832 1653 factum
857 1623 891 1652 et
915 1623 1037 1651 natum
1061 1621 1121 1653 vel
1145 1619 1197 1652 sic
1219 1621 1408 1665 disciplina
1429 1622 1587 1655 aliorum

219 1681 417 1726 indiguisse
447 1682 593 1714 tradunt
622 1687 776 1715 veteres.
830 1682 902 1715 Sed
927 1681 952 1714 ii
976 1681 1134 1714 desinent
1158 1681 1296 1724 mirari,
1331 1683 1359 1716 si
1386 1684 1504 1726 qualis
1528 1694 1587 1717 ars

218 1748 408 1787 poetarum
438 1743 655 1787 lyricorum,
686 1755 768 1776 cum
800 1742 939 1776 musica
972 1748 1006 1776 et
1041 1744 1249 1778 choreutica
1285 1744 1587 1787 coniunctissima,

217 1804 325 1838 fuerit
345 1804 483 1848 penitus
506 1804 791 1847 introspexerint.

308 1866 458 1899 Praeter
481 1867 737 1910 rhythmorum
761 1870 796 1898 et
820 1867 1047 1910 melopoeiae
1073 1868 1273 1901 doctrinam
1304 1868 1586 1911 haudquaquam

218 1927 253 1960 in
274 1927 392 1960 medio
412 1926 566 1970 positam
586 1931 794 1969 metrorum,
813 1931 948 1972 cantus,
967 1929 1179 1970 saltationis,
1199 1929 1352 1972 denique
1375 1940 1433 1962 ars
1455 1929 1586 1961 choros

218 1987 417 2022 instruendi
447 1987 617 2022 discenda
641 1994 718 2022 erat
742 2000 763 2023 a
788 1989 922 2033 peritis.
984 1991 1079 2033 Quid
1111 1991 1206 2034 quod
1230 1992 1290 2024 vel
1315 1990 1459 2024 dialecti
1481 2001 1587 2023 usum

218 2050 313 2083 tradi
346 2061 367 2083 a
391 2049 576 2093 magistris
608 2051 775 2084 debuisse
810 2063 879 2084 non
911 2052 1031 2096 inepte
1061 2053 1169 2086 statui
1202 2052 1354 2086 videtur.
1412 2051 1586 2085 Exuenda

219 2111 352 2155 quippe
374 2111 442 2144 fnit
465 2111 583 2155 patria
608 2113 782 2146 dialectus
816 2116 851 2147 et
874 2113 1038 2158 vulgaris
1062 2124 1181 2146 sermo
1209 2124 1230 2147 a
1255 2114 1474 2148 sublimioris
1497 2125 1586 2158 poe·-

218 2173 266 2205 sis
300 2174 423 2206 volatu
456 2174 582 2215 procul
616 2175 801 2207 arcendus.
856 2176 1002 2209 Addisci
1034 2176 1192 2209 debebat
1223 2176 1312 2209 illud
1347 2176 1586 2209 dialectorum

218 2238 562 2277 temperamentum,
598 2237 695 2278 quod
726 2236 890 2270 altiorem
926 2237 1049 2281 poesin
1080 2238 1187 2271 unice
1231 2237 1359 2270 decere
1392 2238 1585 2271 videbatur

218 2307 353 2339 usuque
382 2300 457 2328 tum
500 2300 690 2339 poetarum
732 2298 928 2342 lyricorum
963 2304 1041 2332 erat
1072 2304 1269 2343 receptum.
1331 2300 1584 2333 Tradebantur

218 2362 406 2400 praeterea
436 2358 585 2400 regulae
618 2359 797 2401 quaedam
829 2364 862 2393 et
896 2365 1111 2404 praecepta,
1147 2371 1240 2403 quae
1266 2365 1455 2404 poetarum
1478 2362 1583 2396 meli-

219 2429 343 2451 corum
366 2423 521 2451 mentem
545 2419 651 2452 altius
676 2431 755 2453 sese
789 2420 999 2455 efferentem
1023 2422 1214 2465 divinoque
1250 2421 1375 2456 furore
1407 2423 1443 2456 in
1466 2427 1583 2457 trans-

221 2531 280 2573 11)
306 2530 457 2562 Uberius
489 2529 574 2562 haec
613 2530 824 2573 pertractavi
870 2531 904 2562 in
945 2532 1341 2566 commentatione
1383 2534 1433 2566 de
1469 2535 1579 2568 Laso

310 2575 637 2620 Hermionensi,
672 2587 759 2619 quae
785 2577 973 2620 praemissa
998 2584 1050 2610 est
1077 2578 1187 2610 ludici
1209 2578 1332 2612 scholl.
1362 2580 1579 2624 Gottingens.

312 2621 446 2665 1842J3.
