1751 2986
319 150 382 178 ml

320 242 439 278 datae.
494 241 665 276 Exercuit
696 251 735 275 se
758 241 794 275 in
818 241 988 274 Herculis
1017 241 1215 275 liberorum
1239 240 1353 282 ludis,
1393 241 1452 285 qui
1488 241 1522 275 ei
1554 240 1686 274 eximie

319 305 412 339 favit
443 308 516 338 tres
548 303 719 337 victorias
759 303 914 343 donans,
955 303 1152 347 habuitque
1189 302 1404 347 magistrum
1447 304 1686 347 praeclarum.

318 367 416 400 Hinc
447 366 512 399 illa
536 376 606 398 ars.
662 364 779 409 Igitur
803 364 979 397 secundus
1004 365 1047 398 de
1071 364 1220 398 Melisso
1251 366 1352 398 locus
1384 365 1483 408 ponit
1507 365 1601 408 quod
1625 375 1688 397 ex·-

320 426 511 471 plicatione
546 430 673 471 egeat,
708 437 816 469 quam
841 429 1000 469 praestat
1022 426 1158 460 tertius.
1216 426 1330 469 Atque
1354 428 1447 460 haec
1471 426 1615 469 quidem
1639 425 1685 458 de

320 488 389 521 his.
436 487 579 521 Similia
611 492 691 520 sunt
723 487 796 521 alia
830 488 900 520 duo
925 487 1106 531 carmina,
1141 487 1208 521 nisi
1232 489 1327 530 quod
1360 488 1393 521 in
1418 488 1477 521 his
1500 487 1608 521 etiam
1633 485 1688 520 in-

319 548 483 593 terpositi
511 549 584 582 loci
614 549 683 582 sibi
708 550 922 593 respondent
945 549 1015 582 hoc
1039 549 1169 582 modo:
1200 559 1222 581 a
1239 549 1262 580 l»
1284 561 1304 582 a
1322 549 1345 580 b
1366 560 1398 581 a·
1444 548 1606 582 Primum
1638 550 1692 582 est

321 672 429 716 Pyth.
455 673 549 705 vlu.
605 673 645 706 In
678 673 863 717 prooemio
901 672 999 717 pacis
1033 676 1067 706 ct
1098 672 1187 705 belli
1219 673 1324 704 deam
1360 672 1547 705 celebrans
1571 672 1691 716 Hesy-

322 733 445 767 chiam
477 735 602 768 thema
634 736 734 778 ponit
756 736 831 777 sic,
863 738 904 767 ut
927 746 1028 767 orsus
1062 745 1083 768 a
1111 733 1250 768 ludicra
1274 733 1509 767 Aristomenis
1539 732 1693 767 victoria

321 797 356 830 in
381 797 455 830 fine
479 797 589 830 etiam
613 799 740 831 redeat
763 798 807 830 ad
833 807 925 829 eam.
965 796 1058 828 IIinc
1082 796 1220 840 regitur
1245 807 1367 828 cursus
1393 794 1573 828 carminis,
1597 794 1690 829 Nam

322 862 402 902 post
434 858 534 892 initia
558 859 675 892 laudis
712 858 873 892 ludicrae
899 859 933 891 in
961 858 1145 900 prooemio
1173 857 1289 901 posita
1323 857 1480 901 primum
1504 858 1624 890 locum
1649 856 1694 889 de

321 919 488 953 Aeacidis
519 919 728 963 interponit,
769 923 844 952 tum
886 919 931 952 ad
965 918 1199 952 Aristomenis
1241 930 1299 951 res
1333 919 1492 952 ludicras
1527 928 1695 952 reversus

323 993 406 1015 mox
432 983 547 1014 denuo
573 981 685 1015 aliam
710 980 873 1013 fabulam
898 980 1102 1024 interponit,
1129 991 1198 1024 qua
1223 984 1375 1013 tractata
1399 980 1544 1013 tertium
1568 980 1614 1013 ad
1637 979 1695 1013 vi·-

327 1046 462 1076 ctorem
485 1043 627 1076 rediens
651 1054 744 1075 nunc
768 1043 911 1075 demum
938 1043 1063 1076 laudes
1087 1042 1163 1075 eius
1188 1041 1372 1075 uberrime
1398 1045 1607 1085 pertractat,
1629 1041 1696 1074 du-

326 1104 391 1138 ctis
415 1116 435 1138 e
459 1106 567 1138 laude
591 1116 821 1138 successuum
845 1105 951 1137 simul
976 1104 1175 1137 modestiae
1207 1103 1520 1137 admonitionibus.
1578 1103 1696 1137 Simul

324 1177 412 1199 vero
448 1167 557 1200 etiam
589 1166 789 1210 interpositi
820 1167 889 1200 duo
914 1166 985 1199 loci
1009 1165 1162 1210 mythici
1186 1165 1256 1198 sibi
1279 1165 1512 1208 respondent,
1546 1169 1696 1207 uterque

323 1239 406 1261 cum
430 1228 571 1262 ludicra
595 1228 742 1261 victoris
766 1229 873 1262 laude
891 1228 1042 1261 bellicas
1064 1226 1222 1259 maxime
1246 1238 1304 1259 res
1328 1230 1485 1260 tractans
1509 1226 1543 1259 in
1566 1237 1696 1270 prooe-

323 1289 386 1323 mii
417 1291 532 1323 altera
566 1294 669 1333 parte
711 1294 1027 1333 praemonstratas.
1090 1287 1228 1322 Similis
1270 1288 1363 1321 ratio
1402 1288 1504 1321 Nem.
1538 1288 1600 1322 lx.
1655 1288 1697 1321 ln

323 1352 512 1395 prooemio
542 1352 668 1385 Musae
702 1351 917 1392 invitantur,
957 1356 996 1384 ut
1031 1350 1185 1394 Sicyone
1219 1351 1263 1383 ad
1297 1350 1442 1383 domum
1475 1350 1697 1394 hospitalem

326 1413 487 1447 Chromii
521 1414 666 1448 tendant
690 1413 881 1457 statimque
899 1424 991 1446 nuuc
1011 1414 1189 1457 hymnum
1215 1416 1353 1456 parent,
1378 1423 1488 1455 quum
1507 1411 1676 1445 Chromir

326 1474 554 1508 victorialem
587 1487 729 1508 currum
765 1475 1003 1508 conscendens
1038 1485 1183 1507 carmen
1215 1475 1370 1520 postulet
1402 1472 1608 1506 certaminis
1640 1473 1698 1507 Si-

327 1536 448 1580 cyonii
471 1535 549 1569 diis.
597 1536 747 1580 Iamque
771 1547 893 1578 orsus,
919 1540 956 1569 ut
981 1535 1112 1575 moris,
1136 1546 1159 1568 a
1181 1534 1355 1575 victoria,
1389 1545 1499 1577 quam
1522 1535 1594 1568 rite
1619 1535 1698 1568 lau-

327 1598 484 1631 dandam
509 1597 604 1639 dicit,
629 1597 748 1631 statim
773 1598 818 1631 ad
842 1597 1006 1642 mythica
1031 1596 1160 1641 pergit,
1186 1595 1287 1639 quasi
1311 1595 1515 1629 certaminis
1538 1596 1699 1641 Sicyonii

327 1659 484 1704 origines
516 1659 713 1703 laudesque
746 1664 828 1694 ante
862 1659 983 1692 omnia
1013 1662 1229 1692 tractaturus
1261 1657 1297 1690 in
1339 1658 1516 1691 honorem
1550 1658 1700 1692 deorum

327 1721 547 1765 praesidum,
573 1725 608 1754 et
630 1721 773 1755 Adrasti
798 1721 972 1755 secundas
997 1720 1242 1763 adversasque
1265 1729 1324 1752 res
1349 1722 1484 1761 narrat,
1509 1723 1590 1763 post
1608 1731 1700 1763 quae

325 1794 392 1827 per
416 1794 542 1826 preces
567 1793 632 1826 pro
660 1784 750 1817 urbe
773 1785 885 1817 Aetna
910 1783 956 1816 ad
986 1782 1142 1815 ludicras
1169 1792 1228 1814 res
1250 1791 1419 1814 reversus
1445 1781 1567 1815 statim
1589 1782 1702 1815 alium

327 1844 471 1878 subiicit
504 1846 626 1877 locum
654 1845 697 1878 de
730 1845 864 1879 bellica
895 1845 1003 1879 laude
1029 1841 1193 1877 Chromii
1224 1845 1370 1885 totaque
1405 1843 1483 1876 eius
1513 1843 1702 1886 felicitate,

328 1907 603 1950 respondentem
625 1905 780 1947 fabulis,
814 1910 921 1949 atque
945 1905 1028 1938 inde
1053 1905 1199 1937 demum
1226 1903 1369 1936 tertium
1394 1905 1440 1937 ad
1463 1905 1622 1939 ludicras
1643 1917 1703 1940 res

328 1968 470 2002 rediens
494 1980 598 2010 nunc,
623 1968 728 2001 finita
750 1966 894 2000 interim
921 1976 1066 2010 pompa,
1092 1964 1271 2009 ampliora
1297 1965 1340 1997 de
1364 1964 1409 1998 iis
1431 1970 1511 2009 post
1531 1977 1703 2011 pompam

327 2029 364 2064 in
390 2031 496 2063 domo
520 2029 593 2064 viri
625 2028 786 2062 canenda
811 2028 1004 2071 promittit,
1029 2027 1136 2061 simul
1160 2027 1212 2060 sic
1235 2026 1377 2060 initium
1402 2027 1607 2071 explicans,
1641 2028 1704 2062 ubi

328 2092 458 2126 Musae
482 2092 519 2124 in
544 2093 694 2125 domum
719 2089 882 2123 Chromii
906 2089 1080 2123 invitatae
1115 2091 1228 2122 erant.
1289 2088 1443 2123 Fecerat
1467 2089 1561 2122 enim
1585 2090 1704 2123 Enco-

328 2153 442 2186 mium
468 2155 529 2186 aut
546 2152 720 2193 Scolium,
746 2163 814 2195 quo
840 2163 949 2195 quum
972 2150 1131 2185 ludicras
1154 2149 1281 2183 laudes
1307 2149 1391 2184 data
1414 2162 1526 2195 opera
1549 2154 1704 2186 tractas-

330 2217 395 2256 set,
422 2226 516 2248 nunc
541 2214 674 2248 callide
697 2213 817 2258 magis
833 2213 949 2258 tangit
967 2223 1041 2255 eae,
1066 2222 1176 2256 quam
1198 2211 1365 2256 explicat,
1389 2222 1530 2246 summo
1555 2212 1704 2246 consilio

332 2276 501 2310 carminis
534 2275 569 2308 in
602 2274 796 2309 interiectis
827 2273 915 2307 locis
947 2273 1076 2317 posito.
1131 2273 1239 2307 Vides
1269 2274 1556 2316 pulcherrimam
1587 2277 1704 2308 artem

331 2341 474 2381 poetae.

424 2399 590 2433 Tertium
623 2397 830 2433 accedimus
864 2398 909 2431 ad
935 2408 1016 2430 eam
1040 2396 1222 2437 formam,
1258 2406 1348 2438 quae
1384 2395 1527 2429 orbium
1551 2396 1705 2431 duorum

331 2462 487 2495 alterum
524 2461 639 2494 altero
664 2459 842 2494 inclusum
866 2458 978 2492 habet
1001 2457 1070 2491 sic:
1103 2467 1125 2489 a
1144 2454 1166 2486 b
1186 2466 1205 2487 c
1223 2455 1245 2487 b
1267 2466 1298 2489 a·
1356 2458 1448 2492 Tale
1473 2461 1527 2492 est
1559 2468 1704 2492 carmen

1094 2508 1295 2573 U

329 2584 433 2619 Nem.
459 2584 515 2618 lv.
571 2585 610 2617 In
638 2581 823 2627 prooemio
855 2582 1011 2616 iucunda
1043 2593 1107 2625 per
1140 2583 1302 2618 carmina
1335 2581 1512 2615 recreatio
1537 2581 1704 2615 laborum

331 2645 479 2680 victoris
504 2645 674 2689 gravium
692 2643 914 2689 promittitur
939 2656 958 2677 e
975 2649 1093 2680 mente
1110 2650 1276 2690 prompta
1302 2642 1491 2689 profunda.
1524 2643 1587 2678 Est
1611 2643 1704 2678 haec
