1751 2986
1427 175 1468 203 xl

108 275 184 306 tum
207 271 385 314 citatum).
416 289 460 296 -—-
493 270 574 304 Iam
596 269 729 304 harum
752 268 927 304 virtutum
951 267 1214 314 pulcherrimas
1237 267 1467 312 compositio-

108 344 172 368 nes
193 333 364 376 vidimus,
388 343 542 377 quarum
563 332 656 366 ratio
679 332 774 366 haec
799 335 895 375 erat,
919 335 958 365 ut
981 329 1145 374 opposita
1170 328 1470 373 coniungerentur

107 395 286 438 maxime,
321 398 467 429 acutum
491 399 527 429 et
549 394 666 436 forte,
699 394 810 427 robur
834 398 869 427 et
894 392 1102 437 prudentia,
1129 389 1215 437 ἔργα
1238 391 1301 426 καὶ
1326 391 1469 436 βουλαί,

107 467 216 500 porro
240 456 412 491 fortitudo
436 467 518 489 cum
542 456 779 497 verecundia,
804 454 992 497 modestia,
1015 453 1280 496 moderatione,
1303 456 1364 486 aut
1387 463 1470 486 cum

108 517 254 562 pietate,
278 518 425 560 iustitia,
447 517 684 563 benignitate,
709 516 873 561 pacificis
896 516 1059 550 moribus
1083 520 1117 550 et
1140 514 1365 548 mollioribus
1386 526 1469 547 sen-

108 579 207 613 sibus
230 580 388 623 amoris,
426 583 533 623 atque
570 579 680 613 etiam
703 579 766 612 ubi
789 579 824 612 in
849 580 1048 612 Xenocrate
1071 576 1290 611 venerabilis
1313 576 1470 621 dignitas

107 639 264 675 iustitiae
286 653 370 675 cum
393 641 639 675 munificentia
664 645 699 675 et
721 641 940 674 liberalitate
964 640 1207 684 componitur,
1233 649 1303 672 non
1327 639 1469 672 deside-

107 703 248 736 raveris
271 703 507 747 oppositionis
530 703 618 736 vim.
652 702 787 736 Omitto
812 703 886 736 alia
908 703 1070 736 breviter
1094 713 1158 735 nec
1177 712 1241 744 per
1257 704 1370 734 totum
1387 711 1469 734 car-

108 774 191 796 men
215 765 375 806 laudata,
399 768 438 798 ut
461 764 651 807 prudentia
675 775 757 796 cum
781 763 914 797 iustitia
933 764 1035 797 Nem.
1056 764 1100 804 X,
1122 762 1191 803 12„
1217 763 1254 794 h.
1273 774 1302 795 e.
1321 761 1469 796 consilio

107 824 232 857 valere
256 828 292 857 et
315 825 427 868 probe
452 835 575 869 agere.
624 825 773 858 Praeter
803 825 870 858 has
894 826 1064 858 virtutum
1089 823 1351 857 coniunctiones
1375 823 1469 857 vidi-

107 895 187 918 mus
210 885 338 919 deinde
360 886 396 919 in
420 887 494 920 alio
518 898 651 932 genere
677 886 875 920 carminum
900 884 1021 931 ὄλβον,
1047 886 1178 919 decora
1203 888 1238 918 et
1259 889 1470 919 ornamenta

108 946 206 981 vitae
230 948 428 992 composita
453 960 536 982 cum
559 950 763 991 virtutibus,
788 959 901 991 eaque
921 947 1014 980 ratio
1032 948 1162 990 duplex
1177 950 1267 987 erat,
1291 946 1469 990 siquidem

107 1019 202 1042 nunc
226 1010 570 1045 commendabantur
594 1012 664 1044 hae
688 1011 838 1044 virtutes
855 1010 1033 1043 fortunato
1055 1008 1194 1047 victori,
1220 1019 1289 1051 quo
1307 1013 1471 1044 maneret

108 1069 216 1104 favor
239 1071 401 1114 deorum,
423 1083 516 1106 nunc
539 1083 649 1116 quum
666 1073 841 1114 adessent,
865 1072 1079 1105 felicitatem
1099 1075 1162 1103 aut
1181 1070 1306 1103 laudes
1328 1071 1470 1114 poesios

107 1143 173 1176 pro
199 1133 361 1177 praemio
385 1134 569 1168 habebant
592 1138 627 1168 et
651 1133 941 1177 compensatione
959 1133 1139 1165 laborum.
1174 1132 1336 1175 Denique
1354 1143 1470 1176 pauca

109 1195 184 1229 alia
205 1199 297 1237 sunt,
321 1195 383 1229 ubi
399 1196 606 1230 consolatio
631 1196 753 1241 agitur
777 1199 811 1228 et
835 1196 965 1228 decora
989 1194 1154 1227 fortunae
1179 1194 1340 1227 adversis
1363 1195 1470 1228 rebus

107 1262 346 1302 opponuntur.
393 1260 458 1292 Est
479 1257 593 1303 igitur
615 1252 702 1291 §atis
727 1259 884 1299 clarum,
919 1256 1063 1300 opinor,
1089 1257 1212 1299 quales
1236 1255 1305 1288 sint
1329 1260 1471 1289 senten-

109 1316 181 1352 tiae
204 1318 379 1362 Epiniciis
401 1319 596 1353 subiectae.
656 1320 746 1354 Sunt
770 1330 892 1352 omnes
917 1318 1076 1357 ethicae,
1111 1328 1153 1349 ac
1185 1317 1369 1360 simplices
1393 1317 1471 1361 qui-

109 1379 192 1414 dem
217 1380 357 1414 nonnisi
388 1381 424 1415 in
456 1383 581 1426 paucis
605 1382 842 1423 carminibus,
875 1384 915 1412 ut
945 1390 1014 1423 ego
1047 1389 1194 1418 cense03
1230 1384 1350 1412 cetera
1375 1379 1471 1413 enim

108 1443 230 1477 omnia
262 1443 480 1488 compositas
510 1445 646 1478 habent
674 1456 717 1477 ex
742 1443 879 1476 duobus
903 1440 1092 1480 membris3
1133 1443 1239 1483 atque
1264 1440 1297 1473 in
1323 1441 1471 1484 quibus-

109 1504 195 1539 dam
219 1504 436 1538 carminibus
459 1505 589 1538 eximio
614 1509 741 1538 ornatu
774 1503 884 1537 etiam
908 1503 1074 1535 membra
1096 1502 1292 1535 sententiae
1316 1503 1393 1536 sive
1416 1505 1472 1537 al-

109 1569 287 1600 terutrum
311 1567 389 1600 sive
417 1568 525 1600 ambo
551 1567 749 1611 composita
775 1565 930 1599 vidimus
955 1574 998 1597 ex
1023 1563 1161 1596 duabus
1184 1564 1303 1597 rebus.
1352 1565 1473 1599 Victo-

108 1627 186 1662 riae
210 1632 328 1662 autem
353 1629 512 1663 ludicrae
537 1630 626 1671 laus,
651 1633 689 1662 ut
712 1638 823 1671 supra
847 1625 930 1666 dixi,
957 1625 1048 1658 inest
1069 1625 1211 1670 ubique,
1237 1627 1472 1669 quemadmo-

109 1689 197 1724 dum
220 1691 426 1735 postulabat
448 1691 698 1735 Eplniciorum
724 1690 827 1724 ratio.
863 1688 952 1722 Sunt
973 1698 1080 1731 porro
1105 1688 1176 1721 hae
1197 1688 1473 1732 compositiones

108 1752 211 1794 tales,
236 1756 276 1786 ut
297 1763 368 1786 non
391 1752 428 1786 vi
453 1752 698 1787 contineantur
722 1753 791 1786 duo
817 1763 908 1798 quae
926 1750 1124 1795 composita
1144 1751 1320 1793 membra,
1348 1763 1472 1794 quem-

109 1814 305 1848 admodum
329 1825 420 1858 quae
444 1813 566 1858 specie
591 1813 806 1856 conspirant,
831 1813 925 1846 intus
949 1824 1035 1846 vero
1058 1812 1240 1854 dissident,
1264 1814 1326 1847 sed
1343 1817 1471 1858 suapte

109 1879 240 1909 natura
263 1879 461 1921 congruunt
486 1879 520 1909 et
546 1880 684 1916 coeunt,
710 1876 745 1908 in
771 1887 879 1908 unum
904 1874 1005 1919 quasi
1029 1875 1183 1910 debeant
1207 1876 1399 1921 coniungi,
1423 1877 1472 1911 si-

108 1938 256 1982 mulque
279 1940 393 1970 totum
417 1937 547 1981 ubique
573 1937 735 1970 efficiunt
758 1937 792 1971 in
817 1949 882 1970 suo
907 1949 1041 1982 genere
1060 1938 1279 1979 absolutum,
1303 1938 1360 1971 cui
1381 1939 1472 1975 nihil

109 1998 213 2033 desit.
259 1998 355 2043 Quid
379 1999 476 2033 enim
499 1999 600 2033 deest
625 2000 671 2033 ad
696 1999 895 2043 perfectam
921 1999 1075 2044 speciem
1096 2000 1371 2042 absolutamque
1389 2011 1472 2034 sen,

109 2060 279 2103 tentiam,
309 2060 374 2094 ubi
397 2061 586 2095 consilium
610 2072 691 2095 cum
715 2061 944 2104 fortitudine,
969 2062 1080 2093 robur
1105 2071 1184 2093 cum
1210 2060 1387 2094 modestia
1411 2066 1473 2096 aut

109 2121 269 2165 iustitia,
289 2121 428 2155 bellum
452 2133 535 2156 cum
559 2133 650 2166 pace
674 2123 918 2166 componitur,
943 2121 1006 2155 ubi
1029 2121 1173 2155 fortuna
1196 2122 1387 2156 virtutibus
1413 2134 1472 2157 or-

109 2187 225 2225 natur,
250 2182 365 2216 virtus
387 2187 468 2227 post
492 2184 636 2217 labores
660 2183 784 2227 requie
807 2184 940 2217 fruitur
962 2183 1191 2226 beatissima,
1213 2195 1271 2217 res
1296 2185 1473 2219 adversae

110 2243 391 2278 consolationem
413 2244 549 2279 habent
572 2256 638 2289 per
661 2243 864 2279 secundas?
910 2244 984 2278 Nec
1012 2248 1200 2278 concentus
1224 2257 1346 2279 rerum
1370 2247 1474 2291 cogi—

110 2305 182 2340 tari
204 2308 319 2350 potest
342 2306 539 2349 perfectior
570 2319 635 2341 nec
659 2308 799 2352 plenior
823 2306 1019 2347 sententia3
1055 2310 1095 2340 ut
1118 2307 1159 2341 in
1194 2308 1280 2341 artis
1303 2308 1476 2352 operibus

110 2367 358 2412 pulcherrima
380 2368 629 2402 convenientia
652 2369 808 2413 partium
832 2370 1008 2411 delectat,
1032 2368 1084 2401 sic
1108 2370 1205 2412 apud
1219 2369 1415 2404 Pindarum
1438 2370 1474 2404 in

111 2429 170 2464 his
192 2429 320 2472 rebus,
353 2440 442 2473 quas
472 2430 605 2474 ubique
638 2434 712 2465 tam
748 2431 836 2465 scite
861 2435 897 2465 et
919 2434 1067 2464 venuste
1091 2431 1272 2475 componit
1296 2432 1406 2466 etiam
1430 2444 1475 2466 ex

111 2491 318 2536 compositis
340 2491 568 2536 compositas,
590 2496 630 2526 ut
654 2493 834 2527 artificem
853 2493 979 2527 videas
995 2494 1104 2538 longe
1123 2492 1473 2528 exercitatissimum.

110 2553 226 2597 Atque
249 2553 342 2587 haec
367 2557 420 2587 est
443 2553 568 2588 intima
590 2555 722 2589 horum
737 2555 984 2600 Epiniciorum
1010 2555 1211 2598 pulcritudo
1236 2559 1342 2598 atque
1368 2566 1475 2598 prae-

113 2615 256 2657 stantia,
280 2615 315 2649 in
339 2615 426 2660 ipsis
449 2616 691 2651 fundamentis
716 2617 914 2651 carminum
939 2616 1057 2661 posita
1081 2619 1188 2661 atque
1206 2617 1288 2650 inde
1306 2620 1475 2660 tanquam

114 2676 235 2711 anima
258 2689 324 2722 per
346 2688 476 2722 corpus
501 2678 633 2711 diffusa
654 2678 691 2712 in
714 2690 837 2712 omnes
861 2682 1001 2724 partes,
1034 2678 1338 2723 quemadmodum
1361 2679 1476 2714 omnis

115 2739 294 2783 poematis
316 2740 434 2784 prima
456 2741 535 2777 laus
557 2744 631 2783 est,
663 2741 696 2776 si
725 2741 899 2776 sententia
927 2742 1049 2776 nititur
1072 2752 1159 2776 vere
1183 2739 1344 2784 poetica,
1377 2752 1477 2785 sana,
