1751 2986
394 90 410 116 ζ

1425 139 1500 166 XLV

143 228 238 262 sonis
261 227 449 262 ostendere
472 227 576 262 nobis
600 227 689 262 velit
712 231 840 272 poeta,
865 239 910 262 ne
935 228 995 262 hic
1018 239 1061 262 ex
1085 229 1239 273 abrupto
1262 229 1361 273 loqui
1381 231 1502 265 ordia-

142 293 212 332 tur,
235 290 300 323 sed
324 301 472 324 causam
496 290 632 324 habeat
655 290 805 333 dicendi,
829 291 953 324 Peliae
974 292 1198 324 amarulenta
1221 291 1502 335 interrogatione

142 354 360 394 provocatur
389 351 574 395 responsio
605 352 754 385 iuvenis.
811 353 1075 386 Cohortationis
1106 355 1226 386 autem
1258 351 1344 385 scite
1376 352 1502 387 illatae

143 413 307 454 pulcrum
323 414 527 456 exemplum
546 417 599 447 est
615 414 719 458 Pyth.
738 414 813 454 lx„
831 414 893 447 ubi
912 413 946 447 in
963 414 1089 447 fabula
1106 415 1149 447 de
1170 415 1313 458 Cyrena
1332 425 1351 447 e
1372 415 1502 448 Chiro-

142 471 195 504 nis
219 472 379 506 oratione
403 474 524 507 omnia
549 475 711 518 pendent.
765 476 893 518 Apollo
919 476 1050 508 affectu
1075 474 1208 508 amoris
1232 475 1406 518 abruptus
1429 479 1503 508 sta-

141 532 205 566 tim
229 534 294 566 sub
319 533 401 567 divo
426 534 459 567 in
484 535 577 569 Pelii
598 536 755 569 vallibus
779 536 946 580 amplecti
972 537 1049 569 vult
1077 538 1248 579 puellam,
1271 537 1334 569 sed
1358 536 1392 570 in
1417 536 1503 570 fatis

142 598 238 635 erat,
270 599 310 628 ut
338 595 374 628 in
398 596 514 640 Libya
544 596 750 641 coniugium
775 597 889 631 fieret.
944 598 1059 641 Atque
1093 598 1185 631 haec
1216 609 1274 630 res
1298 598 1344 631 ad
1368 597 1501 631 exitum

141 656 347 699 perducitur
369 656 579 700 interposita
601 656 697 689 inter'
715 656 850 691 initium
875 662 910 692 et
932 659 1042 691 finem
1062 658 1222 692 oratione
1240 659 1420 700 Chironis,
1443 659 1503 702 qui

142 716 297 759 primum
321 718 531 751 dehortatur
547 717 751 760 Apollinem
770 720 815 751 ab
840 730 894 760 00,
922 721 1016 762 quod
1042 720 1219 763 cupiebat,
1246 723 1320 753 tum
1343 720 1501 753 fatorum

141 778 310 811 admonet
331 777 527 821 efficitque,
546 781 585 811 ut
603 778 691 811 deus
708 777 819 812 faciat
839 780 933 821 quod
952 780 1156 813 faciendum
1173 784 1261 813 erat.
1309 781 1502 815 Sufficiant

139 838 235 872 haec
259 840 435 882 exempla.
466 839 627 872 Vidimus
644 838 801 882 potiores
823 840 961 880 modos,
985 839 1114 882 quibus
1138 841 1254 883 aptior
1272 842 1501 885 compositio-

140 898 194 932 nis
216 899 309 932 ratio
332 900 471 942 nititur,
504 900 632 943 quibus
656 901 874 943 exspectatio
897 905 1082 942 movetur,
1115 913 1159 935 ne
1184 902 1269 944 quid
1294 913 1378 936 casu
1401 904 1501 947 sequi

139 959 306 994 videatur
328 961 405 1004 (die
427 961 564 994 feinern
580 961 874 1006 Vcrkniipfungs—
898 963 969 995 und
988 963 1372 1007 Motivirungsarten);
1396 976 1502 1008 repe-

137 1021 276 1056 riuntur
297 1021 408 1056 iidem
431 1023 467 1056 in
492 1022 572 1055 aliis
596 1023 807 1066 generibus,
841 1035 907 1056 nec
938 1025 1023 1057 solis
1046 1025 1310 1058 narrationibus
1333 1026 1501 1069 propriae

139 1086 239 1123 sunt3
270 1093 335 1116 nos
357 1094 444 1116 vero
476 1083 586 1117 etiam
611 1094 654 1117 ea
679 1085 722 1116 de
748 1095 857 1117 causa
892 1085 936 1117 de
961 1084 1003 1117 iis
1028 1087 1277 1128 exposuimus,
1314 1087 1397 1129 quia
1419 1086 1500 1120 uni-

139 1154 246 1177 versa
269 1143 453 1188 dispositio
475 1146 609 1178 horum
633 1145 829 1178 carminum
854 1146 973 1180 statim
993 1147 1204 1190 explicanda
1221 1159 1288 1182 non
1307 1152 1423 1192 potest
1445 1148 1501 1182 in-

140 1203 256 1249 telligi
280 1204 398 1238 aliter.

399 1313 472 1346 DE
506 1314 926 1349 DISPOSITIONE
961 1315 1244 1349 PARTIUM.

229 1389 440 1423 Accedimus
473 1392 519 1425 ad
546 1391 710 1425 ultimum
743 1395 849 1435 caput
881 1391 1128 1434 disputationis
1152 1396 1312 1434 nostrae,
1347 1392 1441 1435 quod
1465 1392 1500 1426 in

141 1450 354 1493 explicanda
381 1452 551 1485 universa
579 1452 809 1495 dispositione
840 1453 995 1496 partium
1029 1456 1064 1486 et
1088 1453 1347 1486 constructione
1369 1454 1502 1487 horum

139 1512 338 1545 carminum
362 1514 512 1546 rotunda
537 1513 758 1553 versabitur3
782 1513 943 1557 quaestio
967 1525 1037 1546 non
1059 1524 1144 1547 sane
1169 1514 1300 1553 facilis,
1323 1515 1386 1547 sed
1409 1525 1502 1557 quae

139 1572 186 1607 ad
209 1573 483 1616 explicationem
510 1574 751 1618 Epiniciorum
788 1579 824 1608 ct
846 1575 892 1608 ad
915 1579 1031 1608 artem
1056 1579 1183 1618 poetae
1207 1575 1414 1608 mirabilem
1439 1586 1501 1608 co-

139 1635 383 1679 gnoscendam
407 1635 604 1669 maximum
620 1639 841 1669 momentum
865 1636 987 1669 habet.
1022 1636 1072 1669 Ac
1092 1637 1246 1679 primum
1273 1637 1316 1670 de
1343 1647 1500 1679 prooe-

138 1695 221 1729 mii
245 1695 365 1729 forma
387 1698 558 1731 nonnulla
582 1697 865 1740 praemittemus.
901 1697 1103 1730 Prooemiis
1124 1697 1297 1730 instructa
1317 1707 1394 1730 esse
1415 1696 1501 1730 Pin-

139 1756 217 1790 dari
241 1757 402 1791 carmina
424 1768 482 1791 res
501 1758 579 1802 ipsa
596 1759 711 1799 docet,
736 1763 772 1792 et
787 1758 963 1792 Pindarus
987 1759 1184 1804 προοίμιον
1207 1759 1368 1801 appellat
1392 1758 1501 1801 Pyth.

137 1818 224 1860 Vll„
257 1816 471 1863 προκώμιον
495 1815 614 1863 ’ἱῖμνου
639 1819 742 1853 Nem.
770 1819 828 1852 IV.
883 1820 948 1852 Est
972 1823 1092 1853 autem
1116 1820 1302 1854 consilium
1327 1818 1503 1862 prooemii

72 1922 75 1924 -
138 1878 281 1912 omnino
305 1879 395 1921 hoc,
419 1883 458 1914 ut
482 1880 727 1922 annuntietur,
754 1885 992 1924 praeparetur
1015 1892 1159 1915 carmen
1185 1885 1219 1915 et
1241 1879 1344 1913 initia
1366 1889 1503 1922 ponan-

138 1944 214 1983 tur,
239 1941 332 1974 unde
355 1941 539 1985 proficisci
563 1941 678 1975 oratio
702 1942 813 1985 possit
837 1943 882 1975 ad
908 1946 1048 1982 cetera3
1082 1946 1188 1984 atque
1212 1940 1391 1974 interdum
1414 1940 1502 1972 sim-

138 2002 220 2045 plex
244 2005 308 2045 est,
332 2002 395 2035 sed
418 2003 629 2046 plerumque
653 2006 831 2043 ornatum,
853 2013 944 2035 nunc
969 2002 1150 2035 sententiis
1173 2000 1379 2044 ingeniosis,
1415 2011 1502 2044 gra-

138 2062 256 2104 vibus,
279 2073 372 2095 nnnc
396 2063 725 2106 comparationibus
748 2063 957 2103 illustribus,
982 2073 1073 2094 nunc
1096 2062 1268 2106 mythicis
1284 2062 1394 2094 rebus
1418 2063 1502 2098 illa-

138 2123 206 2165 tis,
238 2126 277 2156 ut
300 2133 367 2166 par
390 2127 444 2156 est
473 2123 556 2156 fieri
580 2124 614 2157 in
638 2123 755 2156 fronte
787 2123 967 2156 carminis.
1022 2124 1076 2156 De
1101 2134 1170 2166 quo
1194 2127 1321 2156 ornatu
1342 2123 1503 2156 breviter

139 2184 270 2218 dicam.
316 2184 412 2218 Inest
433 2183 545 2228 igitur
567 2185 603 2218 in
628 2184 820 2227 prooemiis
844 2185 986 2217 omnino
1010 2185 1183 2218 sententia
1207 2186 1318 2218 haec:
1345 2185 1447 2218 Cano
1472 2195 1501 2218 s.

140 2255 269 2285 canam
284 2244 549 2288 Sempronium,
567 2244 699 2278 Caium
716 2245 903 2278 victorem.
929 2246 1052 2279 Semel
1071 2247 1143 2279 hoc
1161 2245 1427 2289 simplicissime
1447 2245 1504 2279 di-

139 2306 192 2341 xit
211 2307 320 2356 Pyth.
341 2307 424 2348 lx„
456 2307 547 2340 alias
569 2309 690 2339 autem
718 2306 839 2340 multis
865 2307 982 2340 modis
1007 2307 1165 2341 variatur
1192 2319 1250 2341 res
1273 2319 1339 2351 pro
1363 2312 1505 2351 tempo-

139 2378 232 2409 rum,
254 2368 429 2409 locorum,
453 2366 701 2410 epiniciorum‚
726 2367 925 2400 carminum
951 2369 1107 2411 ratione,
1139 2380 1182 2403 ac
1205 2369 1273 2410 bis,
1298 2369 1354 2403 Ol.
1380 2369 1442 2402 XI.
1469 2372 1504 2402 et

140 2429 265 2463 Isthm.
290 2429 358 2471 11.‚
389 2429 499 2462 etiam
523 2429 789 2464 excusationem
813 2429 952 2472 posuit,
984 2431 1076 2473 quod
1107 2442 1174 2464 non
1199 2430 1298 2475 prius
1323 2430 1504 2464 cecinerit.

140 2490 256 2534 Igitur
278 2494 318 2524 ut
340 2491 506 2534 exempla
529 2501 674 2534 ponam,
699 2490 756 2524 01.
776 2490 819 2523 X.
843 2491 1147 2533 quemadmodum
1171 2491 1263 2526 alias
1288 2492 1362 2525 alia
1387 2491 1506 2534 utilia,

141 2549 194 2584 sie
215 2550 254 2584 in
277 2551 383 2584 rebus
406 2550 519 2596 gestis
543 2552 702 2586 carmine
725 2562 815 2595 opus
839 2563 916 2585 esse
942 2551 1038 2585 dicit.
1080 2552 1201 2586 01.11.
1219 2553 1374 2587 orditur:
1409 2552 1503 2595 Quid

141 2612 403 2656 praecipiemus
423 2613 553 2658 hymni
575 2614 737 2649 citharae
758 2612 988 2648 canendum?
1012 2613 1070 2648 01.
1087 2614 1147 2649 lx.
1166 2625 1277 2658 quum
1294 2614 1501 2657 Epharmo—
