1794 2982
638 150 881 192 PYTmA
924 150 1000 193 tv.
1416 151 1495 193 125

268 255 480 320 ἐξερείψαι
499 255 578 317 μὲν
595 255 785 319 μεγάλας
801 257 954 319 δρυός,
976 256 1180 319 αἰσχύνοι
1200 257 1249 305 δέ
1268 257 1313 305 οἱ
1323 257 1497 322 θαητὸν

746 321 884 382 εἶδος·
1426 337 1496 371 470

137 395 236 441 265
269 391 344 437 καὶ
378 387 693 452 φθινόκαρπος
726 390 848 437 ἐοῖσα
881 393 1001 438 διδοῖ
1028 393 1186 453 ψᾶφον
1217 391 1312 453 περ’
1340 390 1494 453 αὐτᾶς,

268 459 315 504 εἴ
336 472 440 504 ποτε
474 457 686 518 χειμέριον
719 462 812 519 πῦρ
846 457 1034 521 ἐξίκηται
1066 459 1296 505 λοίσθιον·

267 522 301 588 ἢ
314 522 403 571 σὺν
415 522 574 585 ὀρθαῖς
584 523 804 572 κιόνεσσιν
813 524 1157 572 δεσποσύναισιν
1169 526 1416 587 ἐρειδομένα
1430 537 1496 571 475

270 591 443 653 μόχθον
477 589 629 649 ἄλλοις
663 590 853 654 ἀμφέπει
886 592 1107 641 δύστανον
1141 593 1186 640 ἐν
1215 594 1412 654 τείχεσιν,

270 659 343 707 ἓόν
376 657 660 722 ἐρημώσαισα
693 664 851 721 χοῖρον.

1304 793 1397 841 Ἐπ.
1426 814 1437 841 ι
1469 793 1494 841 ’.

136 861 236 908 270
269 855 364 904 ἐσσὶ
398 855 439 904 δ’
473 854 600 919 ἰατὴρ
634 855 988 917 ἐπικαιρότατος,
1027 857 1179 906 Παιάν
1209 860 1255 907 τέ
1288 871 1361 908 σοι
1394 798 1497 926 τιέῗᾷ

745 924 877 985 φάος.
1428 940 1496 973 480

267 989 352 1055 χρὴ
390 988 593 1052 μαλακὰν
634 990 739 1053 χέρα
772 990 1104 1053 προςβάλλοντα
1136 993 1318 1054 τρώμαν
1351 995 1497 1055 ἕλκεος

739 1056 1017 1121 ἀμφιπολεῖν.

268 1123 426 1190 ῥᾴδιον
446 1126 524 1186 μὲν
543 1123 626 1188 γὰρ
646 1125 777 1173 πόλιν
796 1132 937 1174 σεῖσαι
955 1126 1029 1172 καὶ
1044 1125 1371 1190 ἀφαυροτέροις
1383 1147 1393 1158 ·
1429 1139 1497 1174 485

267 1191 363 1239 ἄλλ’
395 1193 463 1240 ἐπὶ
497 1193 641 1255 χώρας
676 1186 801 1251 αὖτις
844 1195 967 1240 ἕσσαι
1013 1196 1230 1254 δυςπαλὲς
1265 1196 1322 1262 δὴ
1355 1197 1495 1260 γίγνε-

738 1278 829 1317 ται,
865 1258 1068 1318 ἐξαπίνας

270 1327 309 1373 εἰ
340 1323 402 1389 μὴ
434 1323 546 1383 θεὸς
580 1323 841 1388 ἁγεμόνεσσι
873 1326 1146 1391 κυβερνατὴρ
1181 1330 1366 1394 γένηται.

136 1397 236 1443 275
270 1394 338 1440 τὶν
372 1394 419 1440 δὲ
452 1392 623 1440 τούτων
657 1392 965 1457 ἐξυφαίνονται
998 1395 1182 1456 χάριτες.
1430 1408 1498 1441 490

267 1464 402 1508 τλᾶθι
429 1464 509 1518 τοῖς
531 1458 797 1523 εὐδαίμονος
817 1461 933 1523 α’μφὶ
954 1463 1169 1524 Κυράνας
1190 1463 1326 1525 θέμεν
1347 1475 1495 1513 σπου-

745 1527 831 1576 δὰν
863 1527 1051 1577 ἅπασαν.

179 1706 212 1728 v.
237 1695 316 1729 264.
341 1692 528 1740 ἐξερείψαι
554 1705 616 1729 κεν
641 1713 685 1720 --
719 1706 751 1727 v.
778 1694 857 1729 ⁶265.
879 1694 1015 1738 ψᾶφον
1037 1707 1106 1741 περ
1132 1693 1250 1737 αὑτᾶς
1281 1714 1322 1720 -
1361 1708 1393 1729 v.
1415 1697 1494 1732 267.

135 1739 298 1776 κιόνεσσι
319 1759 364 1765 -
388 1752 420 1774 ν.
445 1741 524 1775 269.
550 1738 771 1787 ἐρημώσασα
796 1759 841 1765 -
866 1751 897 1774 ν.
922 1742 999 1775 273.
1026 1742 1141 1782 αὐθις

225 1891 262 1913 v.
286 1877 366 1913 255.
412 1877 540 1913 Lectio
574 1877 803 1918 ἀλλοδαπαῖς
830 1890 898 1921 περ
923 1876 1102 1925 α’ρούραις
1135 1876 1351 1925 (οἷρούραισι
1376 1880 1498 1925 codd.)

134 1922 310 1964 τουτάκις
331 1923 510 1970 ’ὑμετέρας
535 1923 686 1964 ἀκτῖνας
709 1922 822 1968 ὄλβου
847 1924 980 1966 δέξατο
1003 1926 1200 1969 μοιρίδιον,
1226 1936 1292 1969 pro
1318 1937 1386 1969 quo
1402 1928 1498 1959 Her-

134 1981 286 2005 mannus
310 1970 440 2003 eximie
465 1970 618 2004 coniecit
640 1968 767 2014 σπέρμ’
791 1966 972 2014 ἀρούραις
986 1989 1031 1995 -
1047 1969 1197 2010 α’κτῖνος
1216 1974 1304 2013 κτλ,
1329 1972 1423 2016 quod
1439 1983 1499 2006 re-

136 2015 232 2060 cepit
255 2015 473 2049 Boeekhius.

226 2073 262 2094 v.
270 2059 350 2093 258.
373 2061 490 2104 Vulgo
507 2058 640 2102 ἤθεσιν
657 2058 695 2094 ἕν
713 2070 804 2092 ποτε
822 2059 1028 2093 Καλλίσταν
1047 2059 1107 2103 [ex
1119 2060 1367 2095 emendatione
1377 2062 1500 2095 Chae-

135 2105 225 2139 ridis
248 2105 489 2157 grammatffci.
509 2105 642 2148 SCH.].
676 2104 747 2137 Sed
765 2102 803 2137 ἐν
820 2115 885 2148 pro
905 2105 956 2142 εἰς
980 2108 1034 2138 est
1057 2116 1182 2138 eorum
1205 2109 1343 2139 tantum
1367 2107 1499 2140 carmi-

135 2161 233 2191 num,
258 2161 295 2183 ιιι
318 2149 447 2193 quibus
469 2150 597 2183 Aeolia
621 2149 823 2183 harmonia.
858 2150 966 2183 Vetus
989 2150 1098 2183 lectio
1122 2152 1362 2194 plurimorum
1387 2157 1441 2186 est
1456 2149 1503 2187 ἅν

136 2199 200 2230 aut
223 2190 280 2239 ἄν,
310 2195 404 2228 unde
427 2195 636 2229 Boeckhius
659 2194 823 2238 scripsit:
850 2193 962 2238 ἤθεσι
985 2194 1055 2229 τοῖν
1079 2207 1169 2230 ποτε
1193 2199 1415 2239 Καλλίσταν,
1441 2209 1503 2231 co—

133 2240 269 2276 Ioniam
293 2240 516 2274 deduxerunt
538 2240 572 2274 in
596 2240 762 2281 insulam,
788 2250 880 2283 quae
899 2240 985 2274 olim
1000 2240 1171 2282 Callista3
1197 2253 1411 2286 comparans
1426 2244 1505 2277 He-

134 2287 212 2320 rod.
232 2285 291 2328 IV,
308 2285 391 2318 147:
417 2284 454 2319 ἐν
477 2286 524 2330 τῇ
547 2286 615 2320 νῦν
643 2284 747 2329 Θήρῃ
770 2284 972 2331 καλεομένῃ
998 2285 1110 2330 νήσῳ,
1134 2285 1315 2333 πρότερον
1340 2288 1381 2322 δὲ
1399 2291 1503 2324 Καλ-

134 2332 250 2376 λίστῃ,
274 2334 310 2364 et
334 2331 426 2365 alios
448 2332 557 2365 locos.
598 2331 843 2375 [Hermannus
866 2332 890 2365 1.
917 2343 947 2364 c.
970 2343 1005 2376 p.
1025 2330 1103 2366 243.
1118 2329 1177 2375 ἄν,
1200 2333 1237 2366 h.
1254 2345 1286 2368 e.
1305 2330 1392 2376 ἀνά,
1417 2345 1502 2379 pro—

131 2377 208 2412 bat.
232 2377 336 2412 SCH.

225 2376 366 2456 maii.
413 2419 496 2464 [μέν
520 2432 585 2466 pro
609 2433 671 2456 κεν
707 2421 936 2455 scribendum
961 2432 1038 2455 esse
1063 2421 1184 2457 docuit
1205 2424 1434 2458 Hermannus
1458 2424 1503 2458 de

137 2464 185 2502 ἄν
208 2471 302 2512 part.
327 2479 363 2512 p.
389 2467 468 2501 1⁷3.
493 2472 528 2501 et
551 2467 704 2512 Opuscc.
729 2467 805 2500 VII.
832 2479 865 2510 p.
893 2466 985 2508 143„
1013 2468 1074 2511 qui
1098 2479 1205 2511 quum
1225 2470 1383 2514 reliquos
1403 2472 1502 2504 locos

135 2512 370 2547 refractarios
402 2517 479 2547 tum
508 2513 746 2547 Homericum
769 2513 809 2546 ΙΙ.
842 2515 887 2555 Ψ,
913 2511 992 2545 592.
1025 2513 1071 2546 ad
1104 2524 1269 2548 normam
1302 2515 1502 2558 revocavit,

136 2558 287 2602 scripto:
313 2559 378 2592 καί
399 2556 431 2593 κ’
455 2558 494 2592 εἴ
511 2557 557 2593 νύ
583 2571 618 2593 τι
638 2558 793 2593 οἴκοθεν
810 2561 884 2592 κτλ.
917 2558 992 2593 Nec
1012 2559 1108 2593 male
1125 2562 1244 2594 tamen
1264 2560 1503 2595 Thierschius

137 2601 367 2648 ἐξερείψειεν.
417 2604 540 2647 SCH.]

226 2659 263 2683 v.
283 2646 363 2685 265.
397 2647 494 2697 [περ’
517 2649 723 2684 Boeckhius
747 2660 791 2684 ex
814 2648 929 2684 libris.
960 2648 1049 2684 Vide
1073 2647 1119 2684 ad
1138 2648 1194 2686 01.
1211 2649 1269 2692 VI,
1286 2648 1342 2684 38.
1377 2650 1499 2695 8011]
