1751 2986
314 155 362 183 Lx

312 248 406 282 sacri
422 246 595 282 Nemeaei
620 244 715 285 festi,
739 242 926 277 tractanda
951 253 1038 275 vero
1065 253 1128 286 per
1143 241 1383 275 Aeacidarum
1406 240 1564 280 fabulas,
1589 249 1677 283 quo-

312 322 394 343 rum
417 313 520 353 pater
540 305 713 350 Iuppiter.
761 304 833 338 Sed
857 307 1049 347 autequam
1074 308 1214 349 pergat,
1241 304 1285 336 de
1303 302 1518 336 Aristoclida
1540 301 1678 334 victore

314 372 411 413 dicit,
436 374 476 403 ut
499 371 590 402 solet
614 377 724 410 quam
749 364 905 408 primum
930 368 1009 408 post
1032 365 1257 409 prooemium
1277 364 1456 397 victorum
1478 364 1559 396 laus
1583 361 1679 406 poni,

313 432 527 474 subiicitque
552 429 661 463 etiam
686 429 807 460 locum
832 427 875 459 de
892 427 1169 467 Hereule3tum
1194 428 1340 460 demum
1363 425 1400 458 in
1422 424 1520 458 viam
1540 424 1681 456 rediens

316 505 380 537 per
402 491 640 526 Aeacidarum
664 489 791 522 laudes
814 487 912 521 Iovis
935 489 1078 521 laudem
1107 487 1275 520 absolvit.
1323 488 1462 527 Restat,
1488 489 1527 519 ut
1541 484 1680 518 Aristo-

317 556 432 589 clidae
456 555 536 587 laus
559 562 670 595 supra
695 550 837 593 incepta
861 550 906 583 ad
925 549 1034 582 finem
1052 550 1279 593 perducatur,
1305 552 1412 592 atque
1436 548 1507 580 1100
1531 547 1566 580 111
1586 545 1683 579 exitu

316 618 376 659 fit,
409 615 471 648 11111
500 614 607 647 simul
638 612 788 645 fabulae
822 611 1042 655 praemissae
1072 609 1316 654 pulcherrime
1350 609 1586 653 explicantur.
1632 607 1683 640 Ae

317 688 425 721 quum
450 686 558 718 supra
582 674 618 707 in
637 673 873 707 Aristoelidae
898 674 1006 706 laude
1032 673 1142 705 etiam
1162 672 1290 704 Musae
1315 682 1421 714 opem
1438 671 1686 710 memorasset,

318 750 409 772 nunc
434 737 598 770 videmus
623 746 704 768 eam
729 746 818 776 esse,
844 746 865 767 a
890 745 958 777 qua
982 745 1111 767 nomen
1136 734 1272 766 habeat
1294 732 1537 766 Aristoclides.
1583 732 1686 764 llaec

319 803 506 834 hactenus.
552 798 713 831 Alterum
740 797 945 838 exemplum
971 795 1131 828 eiusdem
1166 795 1306 828 formae
1332 798 1384 828 est
1407 793 1534 826 lsthm.
1560 793 1597 825 V.
1646 791 1685 824 In

320 861 504 906 prooemio
527 871 638 892 unum
663 861 839 891 craterem
865 856 985 889 dicens
1008 867 1045 889 se
1071 862 1151 890 ante
1175 856 1360 889 miscuisse
1378 854 1574 898 Lamponis
1590 853 1687 894 filiis,

322 926 477 957 alterum
502 932 541 954 se
564 931 657 953 1111110
681 918 852 959 miseere,
888 918 1032 951 tertium
1063 922 1189 961 optans
1219 921 1257 949 ut
1282 917 1367 950 olim
1403 917 1556 950 miseere
1581 916 1689 949 liceat

323 982 494 1028 Olympio
508 980 599 1023 lovi,
623 980 674 1013 sie
690 982 892 1022 reportatas
914 979 1073 1012 filiorum
1094 979 1264 1012 victorias
1290 979 1483 1023 augurium
1506 977 1690 1022 significat

324 1058 403 1080 esse
433 1043 582 1078 maioris
612 1042 769 1075 futurae.
824 1040 937 1084 Atque
963 1042 1056 1075 haec
1080 1052 1221 1074 summa
1255 1040 1412 1074 felicitas
1436 1044 1474 1073 ut
1509 1039 1692 1083 contingat

323 1106 502 1151 Lamponi
532 1104 648 1149 patri,
682 1103 780 1147 ipsas
805 1103 938 1136 Parcas
969 1107 1135 1146 precatur
1168 1104 1204 1136 in
1230 1104 1345 1136 altera
1377 1101 1552 1145 prooemii
1577 1104 1690 1145 parte.

323 1170 415 1204 Exin
439 1167 672 1210 interponitur
695 1165 878 1209 mythicus
902 1167 1002 1198 locus
1028 1165 1072 1198 de
1096 1165 1274 1206 Aeacidis,
1299 1169 1379 1208 post
1405 1176 1511 1208 quem
1536 1164 1582 1196 ad
1607 1173 1692 1206 pro-

325 1231 483 1265 oemium
516 1238 685 1261 reversus
708 1227 865 1270 primum
888 1227 1059 1260 victorias
1092 1227 1253 1260 filiorum
1277 1227 1374 1270 ipsas
1399 1238 1481 1259 eum
1506 1225 1587 1258 aliis
1610 1225 1692 1268 plu-

324 1293 424 1326 ribus
458 1292 543 1324 data
577 1299 689 1331 opera
722 1292 928 1330 enumerat,
963 1289 1093 1321 doeens
1127 1289 1221 1331 quod
1252 1288 1289 1321 in
1321 1288 1454 1321 fabulis
1486 1285 1694 1331 praemissis

325 1355 437 1395 inest,
462 1350 708 1386 fortitudinem
732 1353 869 1383 tantam
893 1361 982 1392 esse,
1005 1354 1044 1383 ut
1066 1350 1227 1383 maxima
1253 1361 1415 1393 quaeque
1439 1349 1521 1383 inde
1545 1358 1694 1392 sperare

327 1417 448 1456 liceat,
474 1413 602 1447 deinde
619 1411 815 1455 Lamponis
840 1423 980 1455 quoque
1005 1413 1115 1455 patris
1139 1411 1276 1445 meritis
1303 1415 1338 1445 et
1354 1411 1544 1445 virtutibus
1561 1413 1693 1444 tracta-

326 1480 393 1519 tis,
424 1477 574 1520 dignum
605 1484 683 1506 esse
713 1473 832 1507 virum
864 1474 1016 1507 ostendit
1051 1474 1161 1507 etiam
1193 1485 1336 1507 summa
1379 1474 1553 1507 felicitate
1584 1482 1695 1515 supra

329 1552 352 1575 a
376 1539 444 1573 diis
469 1537 502 1570 ei
527 1534 696 1578 expetita.
744 1535 806 1569 Sic
830 1536 888 1568 hie
921 1537 1023 1569 locus
1046 1537 1151 1569 alteri
1175 1535 1349 1579 prooemii
1375 1535 1467 1579 parti
1491 1534 1693 1578 respondet.

419 1597 559 1633 Accede
586 1597 632 1629 ad
658 1607 801 1630 carmen
827 1598 883 1631 01.
909 1599 994 1639 XL,
1028 1599 1123 1641 quod
1157 1599 1248 1631 hanc
1273 1597 1549 1642 descriptionem
1573 1594 1694 1639 sequi-

328 1668 406 1698 tur:
446 1659 509 1693 ab
530 1658 589 1689 Cb
610 1658 684 1690 ab·
743 1659 782 1691 In
829 1659 1014 1703 prooemio
1056 1664 1137 1704 post
1169 1660 1452 1702 excusationem,
1493 1658 1587 1702 quod
1627 1667 1695 1690 non

332 1790 430 1835 prius
455 1728 634 1830 mn
660 1784 816 1828 accingit
839 1795 878 1817 se
904 1785 949 1818 ad
976 1796 1202 1818 communem
1236 1784 1401 1828 pluribus
1424 1793 1534 1827 quam
1567 1781 1699 1815 debeat

331 1855 489 1888 laudem.
545 1851 613 1885 His
644 1849 765 1884 verbis
806 1851 1044 1891 praeparatur
1077 1858 1233 1880 carmen.
1292 1846 1372 1879 Iam
1410 1846 1505 1878 enim
1542 1831 1699 1888 primum

334 1917 461 1950 urbem
484 1914 610 1948 laudat
633 1909 875 1951 iustissimam,
912 1909 947 1942 in
973 1921 1043 1952 qua
1066 1909 1167 1942 Mars
1190 1911 1318 1953 regnet
1341 1911 1376 1941 et
1401 1906 1564 1949 Calliope
1590 1907 1700 1949 (quae

334 1978 448 2012 verba
471 1976 631 2009 suaviter
655 1974 940 2016 praemonstrant
965 1971 1176 2004 sententiam
1201 1969 1401 2011 carminis),
1425 1969 1553 2003 deinde
1571 1967 1700 2013 Agesi-

335 2039 435 2074 dami
458 2037 606 2072 victoris
629 2038 812 2068 certamen
833 2033 1029 2076 praedicat,
1053 2034 1196 2066 tertium
1221 2033 1266 2066 ad
1286 2031 1543 2076 Olympiorum
1562 2028 1703 2063 institu-

335 2103 468 2137 tionem
494 2098 692 2133 canendam
718 2094 858 2139 pergit,
882 2095 916 2127 in
943 2106 1012 2138 qua
1036 2095 1163 2128 fabula
1188 2106 1295 2138 quum
1321 2094 1390 2126 duo
1413 2095 1620 2133 tractentur,
1644 2100 1703 2123 res

337 2167 462 2209 gestae
487 2164 523 2195 et
539 2159 693 2203 epinicia
717 2168 837 2190 rerum
856 2160 1041 2200 gestarum
1058 2158 1407 2199 eomissatiomsque,
1432 2163 1600 2186 reversus
1624 2154 1703 2195 post

337 2226 500 2259 fabulam
526 2223 571 2255 ad
592 2220 802 2265 Agesidami
826 2230 893 2261 103,
921 2219 1032 2253 etiam
1055 2220 1115 2252 hie
1140 2220 1231 2252 duos
1253 2220 1354 2251 locos
1378 2216 1477 2257 facit,
1502 2214 1704 2247 carminum

337 2285 575 2331 epiniciorum
608 2282 859 2315 necessitatem
892 2281 1075 2324 explicans
1109 2285 1143 2314 et
1174 2293 1232 2314 res
1263 2284 1384 2324 gestas
1414 2275 1564 2311 formosi
1600 2273 1706 2318 pueri

339 2350 456 2382 denuo
482 2354 789 2385 commemorans,
824 2342 1032 2385 interposita
1062 2343 1172 2376 etiam
1195 2342 1294 2375 urbis
1325 2339 1476 2384 repetita
1511 2337 1702 2371 mentione.

340 2411 401 2444 Sic
426 2408 580 2441 nascitur
603 2407 753 2437 schema
777 2404 982 2437 indicatum.

429 2472 549 2513 Pergo
573 2468 618 2500 ad
636 2466 794 2499 earmina
813 2466 919 2509 l’yth.
941 2466 1002 2498 lll.
1024 2465 1174 2498 ‹2th111.
1196 2465 1284 2503 vll„
1309 2474 1459 2506 quorum
1478 2463 1570 2495 llaec
1586 2461 1707 2504 dispo—

342 2534 423 2568 sitio
459 2536 530 2565 est:
570 2527 632 2561 ab
653 2526 752 2559 cad
773 2534 801 2554 c·
861 2527 972 2569 Atque
1005 2527 1039 2559 iu
1073 2527 1231 2560 carmine
1266 2527 1373 2570 l’yth.
1400 2525 1465 2558 111.
1501 2528 1605 2567 poeta
1638 2522 1707 2556 ait:

345 2659 383 2692 Si
411 2668 552 2701 possem
579 2656 664 2696 tibi,
698 2666 718 2687 0
743 2653 873 2690 111010,
904 2651 981 2684 filia
1017 2662 1126 2692 quum
1160 2651 1193 2683 iu
1228 2650 1340 2683 vitam
1372 2647 1510 2682 restitui
1545 2649 1710 2689 nequeat,
