1751 2986
567 187 967 229 TEMPORUM.
1356 202 1448 233 mm

113 292 146 330 tl.
169 295 263 329 Vere
282 294 428 329 ineunte
448 294 574 338 incipit
596 295 724 328 Xerxis
748 295 928 339 expeditio
952 295 986 328 in
1011 295 1219 330 Graeciam.

155 352 212 386 Ad
234 352 330 385 hunc
354 362 487 385 annum
510 352 607 386 refer
631 351 778 397 Fragm.
804 352 872 384 inc.
900 351 978 385 125.
1014 364 1057 386 ex
1082 353 1239 387 carmine
1263 352 1452 389 Thebanis

223 408 367 452 scripto.

87 464 268 509 Olymp.
292 464 358 505 ⁷5,
382 464 417 497 1.
463 464 625 498 Athenae
650 467 826 498 vastatae.

153 521 279 555 Mense
304 520 495 565 Olympico
520 521 642 562 tertio,
677 521 942 555 Boedromione
965 522 1102 566 Attico,
1136 534 1259 568 pugna
1290 524 1447 558 Salami—

219 577 282 611 nia
304 577 461 622 (eorsin.
486 577 528 609 F.
552 577 594 609 A.
619 578 661 611 Τ.
688 579 749 611 111.
774 590 808 622 p.
830 577 898 612 164
921 580 1053 622 seqq..)

153 634 290 668 Eodem
323 638 487 677 tempore
512 634 830 679 Carthaginienses
864 639 899 668 et
925 636 1013 669 socii
1038 646 1060 669 a
1085 635 1222 670 Gelone
1255 636 1447 670 fratribus—

220 702 288 734 que
318 694 356 724 et
379 690 550 723 Therone
573 691 618 723 ad
644 691 831 724 Himeram
867 696 963 726 terra
995 693 1159 736 marique
1190 692 1261 726 fusi
1294 694 1444 737 (lntrod.

221 747 267 780 ad
291 747 436 791 Olymp.
461 746 539 787 IL).

150 803 240 836 Ante
269 813 430 847 pugnam
454 801 693 835 Salaminiam
724 801 863 836 Nemea
896 803 1034 837 vicerat
1064 805 1224 849 Pytheas
1256 805 1445 849 Aegineta,

219 861 255 892 et
277 858 434 902 primum
453 858 604 891 Isthmia
626 859 845 903 Phylacidae
861 859 1049 904 Aegineta,
1073 872 1167 904 quae
1184 861 1359 894 victoriae
1384 873 1444 894 ce-

218 915 406 948 lebrantur
429 915 530 948 Nem.
558 915 597 947 V.
625 920 660 948 et
685 915 809 947 lsthm.
835 916 875 947 V.

102 971 136 1004 2.
150 971 277 1004 Mense
311 972 467 1004 secundo
501 970 683 1015 Olympici
719 971 822 1011 anni,
853 972 1114 1017 Metagitnione
1148 973 1286 1015 Attico,
1322 985 1444 1019 pugna

217 1027 440 1061 Plataeensis
463 1031 498 1061 et
522 1027 743 1072 Mycalensis
767 1029 918 1071 (lntrod.
945 1029 990 1062 ad
1016 1029 1124 1074 Pyth.
1150 1030 1245 1073 XL).

148 1084 285 1118 Aetnae
308 1083 448 1128 eruptio
473 1084 594 1127 coepit
619 1084 771 1127 (lntrod.
797 1085 842 1117 ad
868 1085 974 1129 Pyth.
1002 1086 1060 1129 1.).

147 1141 276 1174 Paucis
305 1144 387 1184 post
411 1140 611 1174 Plataicam
644 1152 804 1186 pugnam
836 1141 1020 1175 mensibus
1044 1143 1222 1177 Cleandro
1246 1141 1442 1187 Aeginetae

215 1196 377 1231 Isthmiis
401 1200 437 1230 et
460 1197 606 1231 Nemeis
630 1197 758 1231 victori
783 1197 917 1242 scripta
942 1200 1012 1232 oda
1037 1200 1161 1233 lsthm.
1187 1200 1262 1232 vll.

146 1254 234 1288 Post
266 1254 419 1287 eandem
454 1264 636 1298 pugnam,
667 1265 775 1298 quam
805 1254 866 1288 diu
890 1255 1057 1297 dubium,
1093 1256 1202 1290 etiam
1226 1256 1350 1289 lsthm.
1378 1256 1440 1289 ΙΙΙ.

213 1310 387 1354 scriptum
410 1310 564 1343 videtur.

146 1367 236 1402 ltem
258 1371 340 1410 post
364 1366 511 1400 Persica
536 1367 710 1399 Pindarus
735 1367 918 1400 Nemeade
952 1368 1105 1402 hiberna
1129 1379 1223 1402 anno
1247 1368 1442 1412 Olympia-

214 1423 269 1457 dis
299 1423 455 1457 incertae
486 1423 642 1455 secundo
672 1423 809 1456 Nemea
841 1424 998 1456 Athenas
1022 1425 1205 1467 profectus
1237 1425 1441 1468 dithyram-

213 1480 280 1513 bos
303 1479 356 1512 ibi
388 1479 508 1512 docuit
539 1480 575 1512 in
599 1479 780 1523 Dionysiis
813 1481 972 1523 (Dithyr.
997 1480 1145 1525 Fragm.
1172 1481 1206 1514 3.
1230 1479 1307 1524 4.),
1337 1482 1441 1515 resti-

213 1536 298 1570 tutis
328 1535 400 1569 iam
426 1536 589 1568 Athenis:
627 1547 710 1568 mox
745 1546 767 1568 a
798 1536 986 1569 Thebanis
1019 1537 1171 1579 pecunia
1202 1540 1375 1572 multatur
1406 1542 1442 1572 et

213 1593 261 1626 ab
294 1591 572 1626 Atheniensibus
610 1591 783 1635 praemiis
823 1592 994 1625 afficitur.
1060 1595 1114 1626 Eo
1150 1598 1331 1639 tempore,
1370 1607 1440 1638 quo

214 1648 350 1683 Nemea
380 1648 540 1681 Athenas
569 1648 752 1692 profectus
786 1654 881 1690 erat,
924 1650 1139 1684 Timodemo
1177 1662 1260 1684 eum
1294 1662 1438 1685 carmen

189 1705 191 1707 ’
212 1705 317 1739 Nem.
341 1705 385 1738 ll.
412 1704 598 1748 scripsisse
623 1705 842 1738 coniicimus.

144 1762 253 1796 Bella
276 1760 421 1795 Persica
444 1761 682 1805 respiciuntur
706 1763 819 1796 etiam
843 1763 992 1808 Fragm.
1017 1763 1086 1796 inc.
1110 1762 1166 1797 93.
1191 1763 1247 1797 94.

98 1818 133 1853 3.
153 1818 260 1863 Pyth.
279 1817 338 1852 28.

143 1874 384 1909 Telesicrates
408 1873 616 1918 Cyrenaeus
638 1875 774 1919 Pythia
798 1887 904 1909 cursu
929 1879 1068 1910 armato
1094 1875 1216 1910 vincit.

142 1932 258 1964 Poeta
281 1930 423 1974 scripsit
449 1931 554 1975 Pyth.
579 1931 639 1964 lx.

143 1986 269 2020 Stadio
294 1998 423 2030 pueros
448 1987 533 2020 vicit
557 1989 819 2032 Thrasydaeus
842 1988 1041 2021 Thebanus
1072 1988 1108 2021 in
1132 1988 1260 2021 iisdem
1286 1990 1437 2033 Pythiis.

143 2042 323 2076 Pindarus
348 2043 550 2087 composuit
573 2045 680 2088 Pyth.
707 2045 768 2078 Xl.

144 2099 298 2132 Isthmia
330 2100 517 2142 pancratio
540 2100 671 2133 vicisse
703 2100 844 2133 videtur
871 2101 1091 2144 Phylacidae
1114 2101 1291 2146 Aegineta
1314 2114 1441 2135 secun-

213 2155 318 2187 dum:
344 2166 414 2198 quo
438 2156 594 2198 pertinet
617 2156 741 2188 lsthm.
767 2157 825 2188 lV.

145 2210 258 2244 Hiero
280 2210 408 2243 Geloni
427 2211 595 2243 defuncto
613 2211 802 2254 Syracusis
819 2212 977 2245 succedit
993 2213 1144 2255 (lntrod.
1164 2215 1210 2247 ad
1221 2215 1366 2260 Olymp.
1378 2217 1438 2259 1.).

144 2267 235 2300 Ante
261 2265 406 2310 Olymp.
431 2266 495 2308 76,
522 2267 552 2300 l.
587 2277 630 2299 ac
656 2267 804 2310 proinde
830 2280 896 2300 non
923 2273 1002 2311 post
1027 2269 1172 2313 Olymp.
1194 2269 1259 2310 75,
1283 2272 1316 2305 3.
1364 2274 1438 2306 Xe-

213 2327 378 2356 nocrates
400 2323 658 2367 Agrigentinus
682 2335 785 2356 curru
810 2324 963 2357 Isthmia
985 2324 1072 2358 vicit
1094 2327 1245 2370 (lntrod.
1266 2328 1312 2362 ad
1331 2329 1439 2374 Pyth.

212 2379 272 2411 vl.
305 2378 398 2412 Nott.
426 2380 471 2412 ad
498 2379 643 2423 Olymp.
669 2380 713 2422 ΙΙ,
740 2379 785 2412 54
808 2381 937 2424 seqq).

98 2433 132 2468 4.
154 2434 402 2468 Dissensiones
427 2440 577 2479 coeptae
600 2437 693 2469 inter
723 2436 921 2470 Hieronem
945 2442 980 2470 et
1016 2438 1106 2471 inter
1129 2438 1339 2484 Polyzelum
1363 2442 1441 2475 fra-

210 2494 306 2525 trem
336 2491 556 2536 affinemque
582 2494 811 2534 Theronem‚
845 2505 930 2527 mox
963 2494 1184 2538 compositae
1217 2497 1369 2540 (lntrod.
1395 2499 1442 2532 ad

213 2546 358 2592 Olymp.
385 2550 431 2582 11.
466 2548 571 2594 Pyth.
597 2549 677 2593 Π.).

145 2603 284 2637 Eodem
323 2604 403 2638 fere
433 2614 526 2638 anno
549 2606 664 2639 Hiero
687 2606 824 2639 Locros
846 2607 1110 2651 Epizephyrios
1143 2609 1255 2642 armis
1276 2610 1441 2644 Anaxilai

213 2659 438 2705 Reginorum
457 2666 492 2695 et
509 2659 770 2696 Zanclaeorum
787 2664 928 2708 tyranni
947 2664 1072 2697 eximit
1082 2665 1232 2707 (lntrod.
1245 2667 1352 2712 Pyth.
1363 2667 1440 2711 Π.).

144 2714 260 2749 Hiero
284 2717 469 2762 quadrigis
491 2720 673 2761 pullorum
697 2720 838 2754 Thebis
861 2721 1135 2765 vincit⁴(ibid.).

146 2771 324 2806 Pindarus
346 2773 471 2807 scribit
494 2775 600 2819 Pyth.
626 2776 671 2808 11.

984 2832 1179 2858 ********
