1751 2986
330 138 370 165 lv

332 232 440 276 plane
462 226 674 273 singularis,
709 226 745 259 in
770 223 935 257 omnibus
965 224 1077 258 sacris
1109 223 1203 258 ludis
1226 224 1362 264 clarus,
1398 220 1499 254 cuius
1532 215 1690 262 ἀνδρίαν

332 291 501 327 divinitus
524 289 667 323 insitam
691 287 776 321 dicit
799 290 916 329 pocta,
941 289 1048 328 atque
1075 285 1185 317 etiam
1209 283 1344 316 fabulis
1367 282 1532 315 illustrat.
1579 276 1690 312 Simi-

334 353 419 387 liter
441 352 567 384 Isthm.
585 350 637 390 V,
663 349 755 391 quod
780 358 925 380 carmen
943 345 1138 389 Lamponis
1161 345 1247 377 filiis
1261 343 1459 387 Aeginetae
1484 345 1519 374 et
1534 339 1693 372 maxime

336 412 466 447 iuniori
489 410 712 454 Phylacidae
736 408 905 448 dicatum,
937 407 1056 440 omnia
1081 407 1126 439 ad
1150 405 1393 439 fortitudinem
1416 410 1612 446 puerorum
1635 409 1693 432 or-

336 474 490 507 nandam
515 469 708 514 pertinent,
746 478 837 510 qnae
861 468 970 501 etiam
992 468 1135 501 futurae
1159 465 1373 509 Olympicae
1396 462 1569 496 victoriae
1593 469 1695 504 spem

339 534 523 578 praebeat.
580 531 634 563 De
659 530 759 562 Nem.
786 528 831 560 11.
862 539 931 560 non
964 532 1016 560 est
1040 529 1130 570 quod
1166 527 1294 560 dicam.
1351 525 1421 559 Sed
1451 525 1545 556 haec
1579 530 1696 565 pauca

339 595 507 637 exempla
530 595 626 630 sunt3
661 591 870 634 plerumque
901 589 973 622 alia
998 589 1141 622 additur
1175 599 1197 621 a
1223 591 1328 631 poeta
1349 586 1481 623 virtus,
1515 594 1606 627 quae
1636 582 1697 615 vel

339 655 431 690 adsit
455 664 525 686 una
543 663 626 686 cum
643 650 849 684 fortitudine
872 650 933 683 vel
953 650 1078 683 adesse
1098 649 1229 682 debeat
1247 653 1280 681 et
1292 646 1568 686 commendetur,
1591 647 1698 686 atque

340 718 390 750 ita
421 715 466 748 ad
499 712 794 755 compositas
825 712 1032 744 accedimus
1057 710 1262 751 sententias,
1295 720 1385 752 quae
1410 708 1563 740 duarum
1584 704 1699 738 virtu-

341 782 418 812 tum
443 774 680 808 cardinalium
705 773 850 806 laudem
875 773 1101 806 coniunctam
1117 772 1263 805 habent.
1306 770 1366 804 Sic
1387 769 1443 802 01.
1462 768 1559 802 XIII.
1574 767 1610 800 in
1629 766 1699 799 Co-

340 837 451 871 rinthi
484 836 593 868 laude
617 835 686 867 duo
711 838 955 877 proponuntur
977 834 1181 874 coniuncta,
1216 832 1261 866 ad
1293 842 1384 875 quae
1417 834 1529 863 totum
1555 837 1702 861 carmen

340 901 547 936 revocatur,
581 895 753 928 fortitudo
787 895 919 929 civium
944 896 1089 939 proeliis
1114 895 1329 937 ludicrisque
1352 891 1515 926 w'ctoriis
1539 887 1704 934 plurimis

343 962 506 1002 spectata
535 960 568 989 et
593 956 727 999 ingenii
743 957 941 999 prudentia,
965 958 1137 997 sollertia,
1163 956 1343 1001 elegantia
1360 954 1442 997 (das
1456 952 1615 995 Tapfere
1633 949 1703 983 und

343 1019 494 1063 Kluge).
550 1019 663 1050 Porro
686 1017 788 1050 Nem.
814 1018 876 1051 ΙΙΙ.
908 1018 964 1052 vis
998 1024 1032 1052 et
1055 1019 1225 1052 fortitudo
1259 1029 1324 1062 per
1348 1021 1421 1050 tres
1448 1016 1542 1048 vitae
1567 1015 1703 1046 aetates

345 1081 526 1113 excellens
551 1078 774 1122 componitur
798 1090 879 1111 cum
898 1079 1074 1122 sapientia
1097 1081 1210 1114 senili.
1259 1081 1372 1122 Atque
1391 1081 1431 1110 ut
1454 1077 1499 1109 ad
1525 1074 1598 1108 alia
1620 1083 1704 1116 per-

346 1152 445 1185 gam,
470 1140 525 1173 ΟΙ.
543 1140 635 1172 vm.
656 1140 770 1182 pietas
794 1139 994 1183 iustitiaque
1015 1153 1095 1174 cum
1119 1141 1324 1175 fortitudine
1346 1140 1379 1172 in
1395 1136 1578 1182 Aeginetis
1599 1145 1707 1178 prae-

345 1202 504 1243 dicatur,
537 1205 575 1234 ut
606 1201 730 1234 Isthm.
755 1201 829 1233 vn.
854 1201 1025 1235 fortitudo
1057 1215 1138 1236 cum
1163 1204 1296 1236 iustitia
1332 1206 1367 1235 et
1395 1199 1551 1244 pacifica
1574 1200 1706 1230 mente-

344 1263 383 1296 In
410 1262 568 1295 carmine
594 1262 694 1295 Nem.
710 1262 751 1294 X.
777 1261 837 1303 qui
860 1262 999 1295 canitur
1023 1265 1192 1297 Theaeus
1215 1266 1369 1297 luctator
1393 1265 1446 1311 est
1469 1259 1620 1293 eximius
1643 1257 1707 1290 ad-

345 1323 505 1357 mirabili
527 1324 657 1355 robore
681 1321 813 1355 virium
838 1322 1004 1365 idemque
1028 1325 1252 1358 mollioribus
1273 1323 1421 1357 fraterni
1442 1321 1574 1355 amoris
1596 1318 1708 1352 sensi—

349 1385 417 1418 bus
441 1384 617 1427 indulget,
642 1387 681 1416 ut
706 1393 775 1427 ego
787 1383 973 1426 explicui3
1000 1385 1107 1418 011.
1128 1391 1247 1418 autem
1264 1384 1299 1417 in
1317 1383 1508 1417 Psaumide
1533 1384 1710 1415 certatore

347 1447 450 1480 labor
474 1449 637 1478 strenuus
660 1444 831 1477 laudatur
861 1448 896 1478 et
919 1451 1083 1489 sumptus
1106 1446 1304 1479 liberaliter
1336 1443 1499 1487 impensi.
1547 1441 1710 1484 Denique

347 1517 416 1540 non
439 1505 557 1538 minus
580 1504 740 1537 suaviter
764 1505 999 1550 σωφροσύνη,
1022 1507 1234 1547 moderatio,
1259 1505 1434 1538 modestia
1459 1514 1540 1536 cum
1562 1502 1709 1536 fortitu-

350 1566 431 1600 dine
456 1565 701 1608 componitur,
732 1571 769 1599 ut
791 1571 846 1600 ter
869 1572 976 1610 poeta
1011 1568 1044 1601 in
1071 1568 1288 1601 carminibus
1312 1565 1598 1600 adolescentibus
1621 1563 1710 1596 seri-

351 1628 420 1671 ptis
450 1627 556 1670 feeit,
587 1627 694 1670 Pyth.
720 1628 781 1661 lx.
810 1629 912 1662 Nem.
937 1630 976 1662 V.
1012 1633 1047 1662 et
1079 1630 1186 1673 Pyth.
1214 1629 1295 1670 XL,
1331 1633 1437 1671 atque
1471 1627 1506 1659 in
1531 1624 1711 1669 prioribus

341 1688 554 1732 ‘specialiter
586 1688 785 1722 castitatem
819 1694 853 1722 et
878 1689 1088 1732 pudicitiam
1120 1690 1252 1723 amoris
1277 1690 1514 1730 commendat,
1549 1688 1583 1721 in
1608 1685 1711 1720 tertio

350 1754 470 1782 autem
495 1749 654 1782 carmine
679 1751 723 1782 ad
749 1750 932 1793 politicam
948 1753 1230 1785 moderationem
1251 1755 1286 1784 et
1304 1749 1519 1783 modestiam
1535 1749 1712 1790 hortatur,

350 1810 560 1844 dissuadens
592 1810 818 1845 insolentiam
848 1816 884 1845 et
912 1811 1042 1858 ὕβριν,
1080 1814 1304 1856 laudansque
1331 1813 1520 1845 Castorum
1552 1814 1588 1844 et
1619 1808 1713 1843 Iolai

351 1869 508 1916 ἀνδρίαν
533 1882 554 1904 a
580 1872 751 1905 violentia
776 1877 810 1906 et
831 1874 1000 1917 superbia
1025 1874 1204 1907 intactam.
1237 1875 1288 1907 Ac
1312 1873 1491 1906 modestia
1514 1871 1623 1905 etiam
1638 1869 1712 1905 Mi-

351 1933 419 1966 dae
444 1933 551 1976 Pyth.
579 1934 655 1966 XII.
681 1936 969 1978 commendatur,
1005 1936 1116 1968 virtus
1140 1939 1258 1968 tamen
1281 1935 1332 1967 ibi
1357 1945 1427 1967 non
1452 1932 1624 1976 fortitudo
1649 1934 1714 1974 est,

350 1994 415 2027 sed
428 1994 559 2037 peritia
575 1995 662 2028 artis
679 1996 865 2029 auleticae.
899 1997 1076 2030 Succedat
1095 1997 1167 2029 alia
1182 1997 1284 2029 ratio.
1322 1996 1362 2028 In
1381 1995 1424 2028 iis
1442 2005 1534 2037 quae
1559 1992 1716 2037 explicui

351 2056 527 2098 exemplis
559 2057 784 2099 componitur
817 2055 951 2100 ἀνδρία
975 2058 1113 2092 ludicra
1146 2068 1228 2089 cum
1262 2057 1335 2090 alia
1367 2054 1713 2099 quadam.ingeuio.-

353 2116 459 2157 siore,
483 2117 628 2158 leniore,
655 2118 831 2160 pulcriore
854 2119 997 2160 virtute,
1022 2123 1059 2152 ut
1080 2118 1253 2159 sollertia,
1279 2119 1423 2161 pietate,
1447 2116 1599 2158 iustitia,
1634 2127 1714 2150 mo·

352 2177 559 2218 deratione3
585 2178 718 2212 bellica
742 2185 863 2213 autem
879 2182 959 2214 lans
978 2180 1008 2213 si
1026 2191 1096 2223 qua
1115 2183 1179 2220 est,
1200 2179 1426 2223 coniungitur
1443 2190 1527 2212 cum
1543 2178 1716 2223 gymnica

352 2237 388 2271 in
412 2249 542 2280 unum,
573 2243 612 2272 ut
644 2239 700 2273 Ol.
726 2241 822 2275 xm.
856 2242 990 2276 bellica
1021 2246 1056 2275 et
1078 2241 1218 2275 ludicra
1248 2241 1420 2274 fortitudo
1456 2251 1521 2283 pro
1555 2251 1625 2273 una
1649 2243 1715 2282 est,

352 2309 445 2342 quae
469 2299 660 2342 opponitur
682 2303 863 2336 sollertiae
886 2303 1026 2337 mentis.
1082 2303 1172 2336 Sunt
1196 2313 1281 2335 vero
1307 2301 1415 2335 etiam
1440 2301 1620 2342 carmina,
1653 2300 1716 2334 ubi

352 2359 582 2404 distinguitur
606 2362 778 2405 gymnica
796 2363 909 2396 virtus
932 2374 955 2397 a
978 2364 1122 2405 bellica,
1147 2367 1182 2396 et
1202 2362 1427 2406 oppositione
1451 2363 1551 2405 pacis
1576 2364 1610 2395 et
1629 2361 1716 2396 boui

353 2431 494 2454 summa
519 2423 694 2456 sententia
718 2423 988 2464 continetur‚·ut
1011 2425 1411 2469 Pyth.v111.etlsthm.
1430 2424 1487 2457 lv.
1506 2423 1647 2468 Aegina
1660 2424 1716 2457 lu.-

353 2482 462 2516 dicris
493 2484 705 2528 bellicisque
737 2484 900 2518 victoriis
932 2487 1031 2520 clara
1055 2487 1240 2527 laudatur,
1277 2485 1511 2529 similiterque
1535 2485 1661 2518 Isthm.
1686 2484 1715 2518 1.

353 2545 564 2579 Thebarum
588 2547 686 2587 urbs,
714 2550 752 2579 ut
775 2547 935 2587 videtur3
960 2547 995 2580 in
1021 2560 1089 2591 quo
1114 2559 1205 2582 nexu
1226 2547 1336 2581 etiam
1360 2547 1480 2591 poesis
1505 2550 1540 2579 et
1562 2555 1716 2590 gymnffi

352 2605 443 2640 stica
467 2607 682 2642 coniunctim
705 2611 743 2641 ut
767 2607 867 2651 pacis
885 2612 980 2642 artes
1004 2609 1157 2644 bellicae
1177 2609 1378 2643 fortitudini
1402 2609 1533 2653 opponi
1558 2611 1718 2652 possunt,

354 2669 656 2711 quemadmodum
681 2670 717 2703 in
740 2669 959 2714 Fragmenta
983 2671 1107 2706 lsthm.
1132 2672 1190 2706 lv.
1217 2671 1322 2712 fecit,
1347 2681 1438 2714 quae
1464 2671 1546 2704 aliis
1568 2670 1604 2704 in
1630 2669 1718 2703 loeis
