1751 2986
61 218 248 258 carminis
291 215 496 268 explicare
545 213 681 253 studui
731 214 780 251 ad
827 226 992 264 eamque
1037 212 1190 264 singula
1234 212 1425 251 revocavi.

61 283 174 333 Quae
195 295 263 321 res
282 293 404 332 quum
430 280 470 318 in
498 279 649 317 maiore
676 278 850 316 editione
879 278 1004 316 rarius
1033 290 1054 314 a
1084 277 1197 315 nobis
1226 276 1334 315 facta
1359 288 1423 314 es-

61 351 147 394 set,
176 357 251 397 ego
279 357 384 384 nunc
414 356 592 395 magnam
623 355 783 394 operam
814 342 877 380 his
906 342 1203 392 quaestionibus
1232 341 1424 392 impendi,

62 419 192 462 quum
211 409 515 461 explicationem
551 407 774 444 universam
804 407 863 443 sic
893 406 1099 444 clariorem
1130 410 1172 443 et
1199 405 1424 443 accuratio-

60 487 147 514 rem
175 473 353 514 futuram
394 472 658 522 intelligerem
698 476 738 508 et
765 477 891 509 artem
931 471 1130 521 poeticam
1159 469 1321 507 Pindari
1348 482 1424 520 pe-

60 539 181 577 nitius
218 536 416 587 cognitum
445 536 493 573 iri
524 535 752 574 arbitrarer.
822 534 905 572 Nec
942 547 1101 585 parvam
1134 534 1344 572 utilitatem
1375 546 1424 572 ex

60 603 138 641 hoc
167 601 306 639 labore
333 600 444 651 cepi,
486 600 551 649 qui
580 599 636 637 sic
665 599 790 636 multa
818 599 1052 641 didicerim,
1084 599 1134 636 de
1160 599 1303 649 quibus
1332 603 1424 636 ante

61 678 138 705 non
159 666 436 715 cogitaveram.
486 663 773 701 Introductioni
795 663 1101 712 explicationem
1123 663 1342 700 subiectam
1365 662 1423 699 vi-

61 730 149 777 des,
178 730 244 768 ubi
273 734 314 767 et
340 728 462 766 verba
491 726 889 776 constructionesque
915 726 1109 763 illustravi
1139 732 1177 764 et
1207 726 1425 764 sententias

61 793 264 832 historicis
300 790 571 842 mythicisque
602 790 722 828 rebus
759 790 912 834 allatis,
953 802 998 827 ac
1027 802 1127 839 quae
1157 804 1177 827 a
1207 789 1267 827 Te
1298 789 1424 840 expli—

61 861 152 897 cata
178 857 254 895 iam
283 859 395 894 erant
422 854 598 894 breviter
624 854 791 892 indicavi
822 855 870 892 ad
892 852 1000 892 Tuas
1035 853 1331 905 Explicationes
1369 854 1424 891 le—

63 921 217 960 ctorem
238 919 437 972 relegans,
455 918 529 957 alia
550 931 598 956 ex
620 919 719 956 meis
748 918 907 965 addidi3
941 930 1013 955 nec
1037 918 1236 968 praeterii,
1267 918 1302 955 si
1331 917 1425 968 quid

62 986 102 1024 in
130 988 217 1023 arte
243 983 489 1022 tractationis
513 982 694 1034 poeticae
722 986 844 1029 esset,
873 982 977 1032 quod
1008 983 1325 1020 observationem
1355 982 1426 1019 de-

62 1049 242 1089 siderare
268 1047 487 1096 videretur,
517 1050 695 1085 ceterum
725 1047 804 1085 hoc
831 1052 1015 1098 spectans
1044 1059 1116 1097 per
1144 1050 1269 1085 totum
1301 1046 1426 1083 Com-

63 1112 314 1161 mentarium,
341 1116 387 1150 ut
416 1117 456 1150 et
483 1111 591 1149 docti
620 1111 686 1149 hic
714 1111 797 1149 illic
825 1112 1047 1149 invenirent
1076 1111 1217 1161 quibus
1248 1111 1303 1148 uti
1332 1121 1426 1160 pos-

64 1182 175 1225 sent,
216 1180 255 1215 et
292 1175 422 1215 minus
459 1176 604 1214 versati
632 1176 669 1214 in
698 1176 842 1214 talibus
871 1175 1045 1214 lectores
1075 1188 1124 1213 ne
1155 1175 1429 1212 desiderarent

64 1254 168 1292 quae
202 1241 251 1279 iis
288 1240 514 1278 necessaria
541 1243 701 1287 essent,
741 1239 846 1278 unde
887 1240 1005 1278 etiam
1046 1240 1095 1277 de
1126 1241 1337 1278 verborum
1368 1239 1428 1276 si-

65 1303 384 1356 gnificationibus
412 1304 853 1354 constructionibusque
881 1304 1149 1355 grammaticis
1184 1303 1301 1354 paulo
1338 1303 1428 1353 plns

65 1369 220 1408 dictum
258 1380 375 1418 quam
413 1369 453 1406 in
482 1368 632 1406 maiore
661 1368 835 1406 editione
866 1367 1103 1406 feceramus.
1160 1367 1303 1405 Totam
1333 1378 1428 1404 vero

66 1432 345 1471 tractationem
385 1444 514 1470 meam
554 1431 603 1469 ad
634 1444 749 1470 unam
781 1430 945 1469 formam
978 1433 1158 1469 revocavi
1185 1435 1428 1478 constanter,

67 1496 187 1535 etiam
227 1495 284 1532 sic
323 1494 650 1545 perspicuitatem
689 1494 910 1532 adiuturus.
978 1494 1074 1533 Post
1100 1495 1281 1545 Epinicia
1310 1495 1429 1532 etiam

67 1561 309 1610 Fragmenta
337 1558 521 1609 explicui,
552 1571 666 1608 quae,
696 1570 818 1608 quum
849 1559 896 1595 ab
928 1558 1219 1597 Hermanno
1249 1566 1289 1597 et
1319 1571 1339 1596 a
1369 1557 1430 1597 Te

68 1623 213 1663 eximie
236 1622 442 1661 emendata
467 1627 600 1661 essent
623 1626 742 1673 atque
768 1622 960 1660 illustrata
991 1623 1105 1661 etiam
1136 1623 1202 1661 hic
1231 1623 1311 1661 illic
1331 1621 1430 1661 Tuis

68 1688 243 1727 maxime
270 1686 484 1739 praeclaris
513 1687 878 1734 observationibus,
907 1687 1080 1726 nondum
1109 1692 1241 1726 tamen
1269 1688 1431 1726 invene-

68 1756 160 1791 rant
194 1752 260 1801 qui
300 1750 524 1789 continuam
555 1751 921 1801 interpretationem
951 1752 1179 1798 adhiberet,
1220 1765 1295 1803 qna
1323 1765 1368 1790 re
1397 1753 1432 1790 si

70 1815 167 1868 quid
204 1816 272 1854 hic
310 1815 389 1853 illic
417 1814 607 1853 effectum
636 1820 697 1853 est
725 1815 773 1853 ad
803 1816 1032 1854 interiorem
1064 1817 1326 1866 cognitionem
1357 1817 1431 1854 ha-

71 1892 159 1918 rum
187 1879 465 1930 reliquiarum,
494 1880 664 1917 maxime
693 1879 881 1924 laetabor,
913 1881 979 1930 qui
1009 1882 1139 1919 denno
1168 1881 1433 1920 intellexerim

73 1948 260 1994 quantam
290 1944 330 1981 in
359 1943 435 1981 hoc
463 1956 610 1994 genere
637 1944 829 1982 iacturam
859 1944 1090 1983 fecerimus.
1148 1944 1352 1996 Denique,
1384 1958 1435 1984 ne

73 2008 124 2046 de
144 2008 389 2046 Excursibus
419 2007 562 2055 dicam,
586 2008 912 2046 Dissertationem
943 2008 1174 2059 ampliorem
1205 2009 1256 2047 de
1284 2011 1435 2048 ratione

73 2076 117 2110 et
151 2077 236 2110 arte
274 2072 432 2123 poetica
474 2072 690 2110 carminum
721 2072 1019 2110 Pindaricorum
1049 2073 1180 2109 statim
1208 2073 1272 2110 hic
1301 2074 1434 2112 subie-

75 2140 179 2174 ctam
207 2135 376 2181 videbis,
406 2148 480 2185 qua
510 2136 603 2184 qnid
632 2136 821 2174 voluerim
853 2149 916 2174 res
945 2137 1030 2186 ipsa
1050 2135 1110 2174 Te
1140 2137 1317 2178 docebit.
1371 2138 1434 2176 In-

75 2199 184 2238 dices
212 2203 345 2237 autem
375 2198 489 2239 Ern.
518 2199 655 2238 Frid.
684 2199 1083 2238 Wiistemannus
1113 2200 1310 2249 confecit,
1352 2203 1435 2252 qui,

75 2276 197 2314 quum
225 2262 320 2300 olim
349 2262 453 2301 inter
482 2263 683 2302 auditores
713 2277 825 2302 meos
854 2264 1023 2311 fuisset,
1053 2270 1238 2315 rogatus,
1267 2279 1345 2317 quo
1375 2272 1438 2306 est

75 2327 117 2366 in
144 2339 208 2365 me
228 2326 373 2374 animo,
403 2327 534 2365 statim
565 2328 699 2366 annuit
728 2333 768 2366 et
797 2329 976 2380 suscepit
1005 2327 1099 2367 licet
1125 2331 1248 2368 taedii
1276 2332 1437 2382 plenum

75 2391 305 2442 negotium,
333 2390 609 2442 perfecitque,
639 2395 684 2430 ut
712 2404 987 2443 speraveram,
1017 2393 1180 2444 optime.
1237 2396 1324 2447 Ago
1355 2397 1438 2434 viro

77 2455 311 2494 doctissimo
350 2466 400 2492 ex
438 2455 568 2493 animo
605 2457 765 2507 gratias.
834 2456 996 2507 Iamque
1035 2458 1161 2496 oratio
1189 2471 1237 2497 eo
1268 2459 1439 2498 deducta

79 2523 167 2567 est,
216 2530 294 2569 quo
341 2518 408 2557 diu
453 2520 666 2568 tendebat,
714 2526 759 2559 ut
804 2521 1072 2559 Friderici
1111 2521 1268 2562 Iacob
1285 2524 1349 2561 sii
1398 2528 1440 2562 et

78 2581 131 2623 V.
153 2581 236 2621 ch.
251 2581 328 2622 Fr.
345 2582 418 2621 Ro
432 2583 542 2631 stii,
563 2584 761 2623 editorum
776 2585 1048 2624 Bibliothecae
1062 2586 1241 2626 Graecae
1262 2589 1439 2626 celeber-

80 2646 288 2696 rimorum,
317 2648 473 2686 nomina
502 2647 666 2688 laudare
694 2650 870 2701 possim,
899 2650 966 2701 qui
994 2663 1071 2690 non
1100 2656 1311 2703 parcentes
1339 2658 1440 2692 tem-
