1794 2982
608 123 851 174 [NEMEA
888 124 979 176 1x.]
1393 126 1473 165 217

1276 236 1344 279 Στ
1375 269 1384 280 .
1420 232 1472 279 δ’.

247 296 531 358 ἆνδροδάμαν
560 294 598 343 δ’
617 294 879 357 Ἐριφύλαν,
910 294 1062 357 ὅρκιον
1091 296 1151 354 ὡς
1178 295 1248 344 ὅτε
1271 251 1439 356 πισῗόν,

248 366 397 423 δόντες
425 364 630 427 Οἰκλείδᾳ
652 369 852 424 γυναῖκα,
884 362 1166 425 ξανθοκομᾶν
1191 370 1380 415 Δαναῶν
1399 367 1472 413 ἕσ-

522 442 605 477 σαν
632 431 834 491 μὲγιστοι.
881 430 938 493 δὴ
970 431 1104 478 τόθεν
1428 441 1473 474 40

251 499 328 544 καί
346 496 442 545 ποτ’
459 498 501 555 ἐς
521 497 800 554 ἑπταπύλους
829 497 980 561 Θήβας
999 496 1162 559 ἄγαγον
1182 494 1374 558 στρατὸν
1393 497 1472 545 ἆν-

517 568 634 624 δρῶν
669 566 817 611 αἰσιᾶν

249 629 308 678 οὐ
341 629 434 678 κατ’
468 630 658 692 ὀρνίχων
693 630 820 679 ὁδόν·
855 629 962 678 οὐδὲ
987 631 1192 691 Κρονίων
1226 627 1472 691 ἀστεροπὰν

524 696 728 756 ἐλελίξαις
755 701 936 746 οἴκοθεν
969 698 1306 759 μαργουμένους
1427 706 1471 738 45

151 764 216 812 20
252 765 432 826 στείχειν
465 764 694 826 ἐπώτρυν’,
730 763 840 812 ἄλλα
876 766 1120 827 φείσασθαι
1153 763 1390 810 κελεύθου.

1283 932 1390 990 Στρ.
1427 928 1471 974 ε’.

249 998 522 1059 φαινομέναν
566 996 605 1044 δ’
640 996 709 1060 ἄρ’
743 999 785 1057 ἐς
820 995 927 1044 ἄταν
973 999 1163 1051 σπεῦδεν
1197 994 1350 1058 ὅμιλος
1385 996 1472 1042 ἱκέ-

520 1071 630 1112 σθαι
1431 1074 1476 1106 50

248 1128 450 1191 χαλκέοις
469 1129 671 1179 ὅπλοισιν
694 1132 881 1188 ἱππείοις
901 1149 944 1176 τε
967 1128 1054 1177 σὺν
1071 1131 1249 1177 ἔντεσιν·
1270 1127 1475 1193 Ἰσμηνοῦ

521 1198 560 1245 δ’
593 1198 657 1246 ἐπ’
691 1198 870 1260 ὄχθαισι
902 1197 1074 1259 γλυκὺν

251 1262 411 1312 νόστον
454 1265 748 1327 ἐρυσσάμενοι
790 1265 1037 1312 λευκανθέα
1089 1261 1252 1324 σῶμἀτ
1295 1264 1475 1310 ἑπίαναι

521 1333 714 1380 καπνόν·
1431 1341 1476 1373 55

165 1520 196 1541 v.
226 1509 278 1542 16.
309 1506 550 1565 ἀνδροδάμαν
575 1506 669 1544 τ’-
696 1523 727 1542 v·
759 1511 809 1543 17.
844 1504 941 1562 ἦσαν
958 1529 1002 1536 ·—
1022 1516 1055 1541 ct
1083 1510 1202 1541 aberat
1231 1507 1276 1553 δὴ
1295 1507 1411 1543 τόθεν
1435 1528 1477 1532 -

120 1564 151 1584 v
180 1555 232 1589 18
252 1554 410 1599 στρατὸν
429 1553 568 1598 ἄγαγον
593 1574 633 1579 -
658 1567 689 1588 ν.
707 1556 762 1588 ‘23-
788 1553 1005 1601 ἐρυσάμενοι
1029 1552 1236 1589 λευκανθέα
1261 1552 1398 1598 σώμασ’
1422 1552 1478 1588 ἐπ’

119 1679 276 1723 δοὶμαντ’
293 1681 462 1725 ὀἷκόναν,
493 1682 576 1717 licet
605 1693 649 1715 eo
674 1683 818 1726 quidem
853 1685 933 1716 loco
957 1683 1130 1717 librorum
1156 1683 1350 1716 auctoritas
1374 1683 1477 1717 illam

119 1727 333 1770 scripturam
357 1732 583 1762 contestetur.
616 1729 707 1761 Vere
731 1733 850 1762 tamen
875 1730 1058 1762 annotavit
1076 1728 1278 1762 Boeckhius
1304 1740 1341 1762 τε
1366 1729 1479 1772 parti-

119 1774 241 1806 culam
274 1774 486 1817 displicere,
519 1784 614 1830 qnae
644 1778 739 1806 certe
771 1773 812 1807 δέ
848 1785 925 1807 csse
958 1775 1101 1807 debeat.
1157 1773 1251 1806 Mihi
1283 1784 1340 1817 as)
1340 1775 1478 1807 ndeton

119 1818 297 1851 Boeckhii
326 1819 435 1852 etiam
469 1818 587 1863 magis
604 1818 791 1861 ‘displicet
821 1819 1009 1862 ipsumque
1049 1819 1136 1852 illud
1171 1786 1414 1862 οἷνδροδοὶμαν
1448 1819 1481 1853 δ’

118 1862 322 1919 Ἐριφύλαν
345 1864 518 1897 desider-o
573 1865 618 1896 Et
642 1875 751 1906 quum
776 1865 925 1898 Scholia
959 1876 1098 1906 quoque
1124 1862 1365 1908 ἅνδροδιὶμαν
1390 1865 1480 1897 osse-

118 1913 201 1943 rant
224 1908 310 1952 (τὴν
333 1909 399 1943 τὸν
424 1908 541 1952 ἄνδρα
565 1906 771 1942 οἷνελοῦσάν
796 1909 1005 1952 εκμίἰιῑιηῐ),
1029 1911 1150 1942 locum
1175 1909 1325 1941 correxi.
1358 1909 1478 1952 SC11.]

211 1965 246 1988 v.
274 1954 318 1987 17
339 1965 413 1997 seq.
461 1953 586 1996 [ἕσσαν
612 1954 820 1986 Boeckhius
844 1954 888 1986 de
912 1965 1011 1986 more
1038 1959 1176 1996 poetae
1234 1954 1333 1986 Idem
1359 1954 1480 1987 verbis

121 1996 168 2042 δὴ
194 1999 309 2033 τόθεν
342 1999 471 2032 additis
500 1999 657 2042 explexit
687 2000 789 2030 iacun
793 2010 851 2030 am
882 1998 1069 2031 librorum.
1126 1998 1258 2031 Nititur
1289 2003 1410 2031 autem
1446 1999 1481 2031 id

120 2045 410 2087 supplementum
428 2045 550 2077 verbis
568 2043 794 2076 scholiastae
819 2043 895 2075 his·
923 2042 1147 2076 ἐντεῦθεν
1172 2041 1224 2085 δὴ
1252 2044 1314 2076 καὶ
1340 2045 1391 2082 εἰς
1414 2043 1484 2083 τὰς

125 2089 256 2143 Θήβας
280 2100 369 2122 ποτε
402 2087 469 2127 τὰς
494 2087 727 2126 επταπύλους
763 2088 970 2131 στράτευμα
1005 2085 1151 2130 ἤγαγον.
1208 2089 1310 2121 Idem
1343 2087 1483 2131 ἄγαγον

123 2132 281 2187 στρατόν
310 2146 345 2167 v.
376 2133 431 2166 18.
468 2145 510 2166 ex
543 2133 681 2166 duobus
714 2133 897 2166 codicibus
934 2139 1081 2186 propter
1118 2136 1282 2166 metrum.
1348 2133 1482 2177 Heynii

121 2179 299 2222 scriptura
323 2180 369 2212 ab
393 2178 470 2221 ipso
495 2177 611 2211 facta:
647 2179 759 2222 vulgo
781 2177 920 2221 ἄγαγον
944 2176 1091 2221 ἀνδρῶν
1115 2179 1285 2218 στρατόν.
1342 2179 1483 2212 Ibidem

123 2225 220 2268 quod
252 2225 344 2268 Aug.
372 2224 399 2257 C
433 2223 538 2256 offert
570 2223 698 2256 αἰσιών
728 2224 806 2256 iure
837 2223 1040 2267 repudiavit
1071 2223 1295 2266 Boeckhius,
1329 2236 1373 2257 ne
1406 2224 1484 2267 quis

125 2269 275 2315 ἀνδρῶν
301 2270 430 2302 αἰσίων
456 2269 590 2301 audiat.
638 2268 760 2310 SCH]

241 2313 331 2348 .23.
378 2314 449 2347 Pro
473 2312 692 2358 ἐρυσάμενοι
705 2314 934 2346 Hermannus
956 2310 1195 2358 ἐρυσσάμενοι
1219 2314 1424 2348 emendavit
1448 2318 1483 2349 et

123 2357 260 2402 σώματ’
283 2359 437 2393 restituit
459 2370 478 2392 e
494 2355 660 2391 scholiis
684 2369 747 2401 pro
774 2356 923 2400 σωμασ’,
949 2370 1039 2401 quae
1062 2359 1181 2392 forma
1206 2358 1391 2392 elisionem
1415 2370 1485 2392 non

124 2406 271 2451 patitur.
325 2405 483 2449 [Ahrens
513 2414 630 2446 meus,
665 2414 773 2446 quum
807 2404 920 2436 codex
944 2405 1034 2456 Aug..
1061 2405 1089 2437 C
1123 2403 1347 2448 ἐρεισαμενοι
1380 2406 1485 2438 exhi-

124 2452 228 2493 beat,
252 2451 384 2485 collato
408 2449 604 2483 Homerico
628 2448 761 2482 νόστον
785 2449 907 2491 δίζηαι
934 2448 1136 2492 suspicatur
1158 2452 1305 2492 poetam
1327 2450 1486 2483 voluisse

124 2495 260 2531 νόστον
284 2495 362 2540 ἐρη
373 2493 582 2535 σάμενοι.
630 2495 724 2535 Sed,
750 2494 796 2527 ad
820 2505 927 2537 quem
951 2498 1136 2537 provocat,
1160 2495 1396 2527 Buttmannus
1420 2495 1483 2527 Gr.

128 2542 238 2584 ampl.
256 2541 302 2574 11.
327 2553 363 2584 p.
382 2539 459 2573 179.
485 2540 644 2573 Lobeck.
671 2540 716 2572 ab
740 2539 785 2573 iis
809 2540 954 2572 demum
979 2550 1061 2573 eam
1085 2539 1240 2572 formam
1265 2550 1378 2582 prave
1400 2551 1484 2573 con-

128 2586 253 2620 fictam
276 2589 408 2627 censet,
434 2585 494 2629 qui
518 2585 690 2630 ἐρόμενος
715 2584 839 2618 aoristi
862 2585 938 2619 xim
961 2584 1219 2638 ignoraverint,
1242 2589 1281 2617 ut
1305 2585 1406 2618 Paus.
1428 2586 1487 2625 lv,

128 2629 186 2672 12,
200 2630 248 2672 7.‚
270 2631 332 2665 ubi
348 2613 534 2665 Be'kkerus
556 2634 678 2665 tamen
701 2629 939 2675 χρησαμένοις
962 2631 1147 2666 coniectat.
1179 2628 1361 2674 Bergkius
1376 2632 1486 2674 paulo

128 2679 210 2721 post
231 2675 374 2720 σώμασι
398 2677 539 2712 πίαναν
564 2675 696 2718 edidit,
719 2679 862 2710 secutus
885 2677 1142 2710 Hermannum.
1189 2674 1308 2718 sest]
