1794 2982
362 161 444 204 346
818 155 1173 196 EXCURSUS
1211 154 1267 194 ΙΙ.

363 266 541 306 νίᾶίιῃιιε;
576 265 710 305 restat,
742 266 782 296 ut
815 262 859 295 de
888 263 1002 296 altero
1026 272 1161 307 genere
1184 270 1416 304 exponamus.
1469 259 1535 293 Est
1557 258 1667 304 igitur
1690 258 1727 293 in

363 327 593 372 sequentibus
616 325 734 369 prima
748 323 921 369 Asyndeti
940 334 1049 356 causa
1065 323 1256 356 diversitas
1270 333 1390 355 rerum
1409 321 1526 355 maior
1543 321 1728 362 minorve3

365 389 505 424 accedit
529 387 637 431 quod,
661 387 721 419 ubi
747 385 896 431 gravior
919 386 1018 418 locus
1042 396 1155 418 novus
1181 385 1349 428 sequitur,
1376 383 1489 417 etiam
1512 384 1587 417 vim
1604 387 1730 427 postu-

365 454 416 486 lat
440 450 618 483 maiorem
642 448 870 492 principium.
918 447 1083 480 Primum
1105 447 1217 491 igitur
1242 446 1413 489 frequens
1441 446 1476 479 in
1501 446 1572 478 hoc
1596 456 1730 489 genere

365 511 539 557 Asyndeti
563 522 647 544 usus
673 514 736 552 est,
763 520 872 553 quum
890 509 1116 552 abrumpitur
1139 508 1257 541 subito
1285 507 1411 549 oratio,
1435 511 1476 540 ut
1499 507 1545 540 ad
1569 507 1642 540 alia
1666 517 1731 542 ve*

366 575 499 616 niatur,
525 572 640 606 veluti
663 572 765 605 vides
790 571 909 611 01.11,
927 570 989 603 8⁰:
1013 568 1130 603 πολλοὶ
1155 582 1219 613 μοι
1244 566 1307 603 ὑπ’
1333 567 1623 612 ἀγκῶνος-,ὠκέα
1645 567 1730 612 βέλη

366 634 474 671 ἔνδον
499 634 574 669 ἐντὶ
599 633 797 679 φαρέτρας.
843 633 943 666 Adde
963 632 1019 666 01.
1038 633 1101 673 IX,
1118 631 1173 665 80.
1201 632 1308 675 Pyth.
1329 632 1356 673 l,
1373 630 1429 664 81.
1453 629 1600 673 1v‚247.
1625 629 1730 664 Nem.

367 699 408 740 V,
432 697 488 730 14.
519 697 595 739 VII,
619 695 675 729 50.
709 695 801 736 VIII,
827 694 882 728 19.
915 695 958 736 X,
983 694 1038 727 19.
1076 695 1201 727 lsthm.
1228 694 1285 735 IV,
1308 691 1384 735 46„
1422 696 1457 726 et
1492 691 1649 737 viyidius
1673 691 1731 725 01.

366 759 429 800 lx,
453 757 509 791 35.
536 758 643 802 Pyth.
666 758 711 799 X,
735 755 768 789 4.
793 756 849 789 51.
875 757 976 791 Nem.
994 756 1058 797 III,
1082 755 1138 789 26.
1185 755 1307 798 Neque
1332 760 1451 789 tamen
1477 765 1619 797 semper
1642 754 1734 786 tales

367 819 548 853 formulae
578 820 700 852 locum
730 820 867 853 habent
901 823 961 852 aut
991 819 1129 851 habere
1154 821 1320 860 possunt3
1357 818 1439 850 aliis
1470 816 1560 850 locis
1587 817 1734 858 repente

366 881 549 915 nuntiatur
584 892 642 913 res
666 885 859 924 sequutura
885 885 946 913 aut
969 881 1048 923 ipsa
1072 879 1193 913 statim
1218 879 1380 923 ponitur,
1416 878 1492 911 sive
1518 880 1735 922 praeparata

367 943 663 986 simul'proxime
679 942 971 976 antecedentibus
996 942 1072 975 sive
1097 953 1166 974 non
1184 945 1423 984 praeparata3
1448 944 1555 982 atque
1576 939 1635 972 ubi
1655 949 1736 971 car-

368 1004 475 1038 minis
492 1015 587 1038 nova
605 1015 688 1047 pars
712 1008 774 1046 est,
799 1004 938 1036 maiore
964 1015 1078 1047 pausa
1100 1003 1396 1047 pronuntiationis
1420 1013 1519 1045 opuS,
1544 1006 1736 1043 antequam

367 1070 550 1107 transeas,
575 1065 637 1098 ubi
659 1065 731 1098 loci
755 1066 915 1098 eiusdem
941 1075 1034 1097 nova
1059 1075 1155 1107 pars,
1178 1065 1329 1098 minore.
1386 1064 1589 1097 Afferamus
1613 1073 1736 1095 exem—

368 1129 442 1171 pl'a.
477 1127 533 1160 01.
553 1127 613 1168 vl,
634 1126 698 1160 82:
725 1126 841 1168 δόξαν
866 1125 933 1168 ἔχω
959 1124 1027 1160 τιν’
1053 1123 1113 1159 ἐπὶ
1137 1125 1281 1171 γλώσσᾳ
1305 1123 1443 1164 εἰκόνας
1468 1124 1629 1167 λιγυρᾶς.
1677 1122 1736 1157 Si·-

369 1189 476 1229 miles
499 1188 572 1222 loci
597 1188 653 1222 01.
680 1189 754 1229 Vll,
778 1187 834 1222 20.
869 1188 978 1232 Pyth.
1004 1188 1049 1229 X,
1076 1185 1132 1220 64.
1158 1188 1261 1221 Nem.
1283 1188 1361 1229 VII,
1388 1186 1445 1218 7⁰.
1502 1186 1603 1218 Adde
1628 1194 1736 1227 prae-

370 1254 470 1284 terea
494 1250 552 1283 01.
577 1250 677 1291 Xlll,
702 1249 777 1291 11.‚
811 1249 872 1282 ubi
897 1249 1069 1282 nuntiatio
1093 1250 1251 1282 habetur
1281 1251 1499 1292 praeparata
1523 1247 1738 1280 anteceden-

370 1311 476 1351 tibus,
504 1315 539 1344 et
574 1312 680 1355 Pyth.
704 1311 744 1353 V,
769 1311 869 1350 101.;
902 1312 987 1344 vide
1011 1322 1119 1354 porro
1153 1310 1256 1342 Nem.
1284 1311 1324 1350 V,
1345 1308 1403 1342 48.
1435 1310 1493 1351 vl,
1519 1308 1574 1341 27.
1597 1307 1655 1340 47.
1679 1307 1737 1341 66.

371 1374 498 1407 Isthm.
525 1373 589 1414 111,
615 1372 669 1405 19.
697 1373 753 1415 IV,
779 1372 834 1406 5-'l›.
860 1374 898 1414 V,
924 1372 979 1405 58.
1035 1372 1176 1404 Eximie
1201 1383 1288 1404 vero
1313 1371 1584 1414 frequentantur
1608 1370 1643 1402 in
1666 1370 1738 1403 hoc

372 1447 505 1480 genere
538 1435 798 1478 alloquutiones
834 1434 1130 1478 precationesque
1164 1434 1332 1475 deorum,
1369 1438 1409 1466 ut
1442 1434 1497 1467 Ol.
1524 1434 1566 1474 V,
1590 1432 1646 1465 17.
1680 1432 1737 1473 vl,

371 1496 450 1530 103.
484 1497 557 1538 vn,
581 1495 637 1529 92.
673 1497 769 1536 xm,
794 1495 850 1529 24.
878 1495 956 1529 114.
993 1497 1099 1540 Pyth.
1126 1496 1153 1537 I,
1178 1494 1232 1528 29.
1266 1494 1321 1528 58.
1355 1495 1411 1528 71.
1459 1495 1561 1528 Nem.
1595 1495 1658 1535 lx,
1681 1493 1739 1526 27.

375 1558 501 1601 X,29.,
526 1563 632 1602 atque
658 1558 767 1591 etiam
790 1562 877 1591 -vota
897 1558 972 1591 sine
992 1559 1235 1602 alloquutione
1254 1558 1304 1590 sic
1325 1562 1501 1601 ponuntur
1524 1558 1601 1590 fere
1627 1555 1740 1590 α’συν-

373 1620 508 1662 δέτως,
541 1625 580 1653 ut
615 1619 672 1653 Ol.
700 1620 734 1660 I,
767 1618 845 1651 115.
884 1620 941 1659 IV,
975 1619 1030 1652 12.
1065 1621 1140 1653 Vll.
1171 1620 1233 1653 fin.
1275 1620 1383 1663 Pyth.
1409 1620 1456 1660 V,
1482 1618 1560 1652 116.
1596 1618 1657 1658 XI,
1682 1615 1739 1650 50.

374 1682 500 1715 Isthm.
526 1681 555 1721 1,
577 1679 633 1713 64.
681 1680 802 1713 Etiam
827 1681 886 1713 ubi
913 1681 1092 1723 copulatio
1119 1682 1200 1714 fieri
1225 1685 1365 1724 poterat
1391 1680 1590 1721 commode,
1617 1679 1742 1723 gravi—-

375 1744 460 1778 tatis
483 1753 593 1776 causa
618 1742 706 1775 talia
730 1742 933 1785 Asyndeton
959 1742 1135 1774 asciscunt
1160 1742 1306 1784 passim.

465 1806 538 1839 Sed
570 1805 663 1837 haec
697 1808 822 1847 aperta
854 1805 1047 1846 pleraque;
1083 1803 1275 1836 dicendum
1306 1815 1392 1836 vero
1417 1804 1461 1836 de
1495 1802 1744 1836 subtilioribus

375 1868 592 1912 quibusdam
627 1866 662 1899 in
694 1866 764 1897 hoe
796 1876 929 1909 genere
961 1865 1087 1897 modis.
1148 1865 1208 1899 Sic
1234 1876 1340 1907 quum
1376 1866 1498 1908 plures
1523 1863 1744 1896 hortationes

376 1929 543 1962 diversae
569 1940 608 1961 se
634 1927 834 1970 excipiunt,
866 1927 1071 1970 Asyndeton
1095 1926 1232 1968 videas,
1256 1925 1371 1959 sicubi
1406 1924 1597 1958 diversitas
1619 1935 1743 1956 rerum

376 1992 546 2034 postulat.
602 1990 710 2033 Pyth.
738 1990 772 2030 1,
805 1988 850 2021 86
873 2000 970 2032 seqq.
1005 1989 1161 2032 primum
1194 1989 1240 2021 ad
1271 1987 1444 2021 iustitiam
1477 1990 1512 2019 et
1543 1986 1744 2029 veritatem,

377 2052 506 2086 deinde
532 2052 577 2085 ad
602 2051 858 2084 liberalitatem
883 2052 1057 2084 hortatur.
1117 2051 1237 2093 Quum
1261 2055 1384 2083 autem
1407 2049 1520 2083 Hiero
1545 2047 1745 2081 aulicorum

379 2115 608 2148 adulatorum
633 2113 767 2147 artibus
791 2124 900 2157 saepe
926 2124 947 2146 a
964 2116 1060 2146 recta
1080 2112 1142 2146 via
1159 2116 1396 2153 averteretur,
1420 2110 1525 2145 tertio
1543 2111 1623 2143 loco
1637 2122 1673 2143 v.
1686 2107 1743 2142 92.

379 2176 490 2210 etiam
523 2177 567 2209 de
592 2177 662 2209 hae
686 2186 726 2207 re
749 2178 889 2218 monet,
923 2185 1028 2218 quae,
1054 2185 1164 2218 quum
1190 2174 1235 2206 ad
1259 2174 1510 2206 antecedentes
1534 2173 1622 2205 duos
1646 2173 1746 2205 locos

378 2237 514 2280 pariter
538 2238 734 2280 pertineat,
765 2247 834 2269 non
859 2240 1000 2280 poterat
1024 2237 1151 2269 eodem
1178 2247 1259 2268 cum
1284 2235 1327 2269 iis
1352 2234 1474 2268 ordine
1501 2233 1624 2278 logico
1649 2231 1745 2276 poni,

379 2300 442 2332 sed
467 2300 672 2343 Asyndeton
697 2300 914 2343 postulabat.
972 2299 1080 2343 Pyth.
1106 2299 1151 2340 11,
1176 2297 1232 2330 70.
1258 2298 1416 2341 primum
1441 2300 1565 2341 rogat,
1599 2298 1638 2328 ut
1663 2304 1745 2327 car—

379 2371 460 2393 men
485 2360 640 2404 benigne
665 2361 837 2404 recipiat,
877 2362 1004 2395 deinde
1028 2373 1063 2394 v.
1086 2360 1142 2393 72.
1169 2361 1214 2393 ad
1239 2361 1350 2393 aliam
1376 2358 1557 2393 diversam
1582 2355 1746 2388 admoni-

378 2422 513 2455 tionem
545 2422 803 2466 gravissimam
839 2424 955 2468 pergit
988 2425 1031 2456 de
1056 2423 1256 2456 aulicorum
1288 2421 1488 2454 fraudibus.
1535 2418 1746 2461 Fragment.

378 2484 608 2528 Dithyramb.
642 2484 707 2516 Ill.
742 2485 896 2527 primum
932 2489 1105 2518 vocantur
1137 2484 1207 2525 dii,
1243 2488 1281 2516 ut
1310 2482 1466 2526 benigne
1500 2479 1676 2523 aspiciant
1712 2481 1748 2512 et

379 2546 551 2579 adiuvent
569 2546 734 2578 chorum:
753 2542 857 2580 ”[δετ’
877 2544 916 2579 ἐν
931 2545 1055 2590 χορόν,
1074 2544 1276 2586 Ὀλύμπιοι,
1301 2542 1361 2578 ἔπι
1379 2555 1417 2577 τε
1435 2540 1571 2576 κλυτὰν
1587 2540 1747 2584 πέμπετε

377 2607 505 2654 χάριν,
530 2607 639 2648 θεοί,
672 2612 748 2642 tum
774 2609 818 2641 de
850 2608 1048 2641 honoribus
1071 2607 1246 2651 loquitur,
1284 2617 1373 2650 quos
1408 2609 1531 2639 contra
1561 2603 1658 2636 ferre
1683 2602 1746 2635 de-

377 2670 481 2711 bent,
508 2670 657 2704 ἰοδετᾶν
681 2669 810 2714 λάχετε
835 2668 1030 2714 στεφάνων
1054 2669 1123 2704 τᾶν
1146 2668 1176 2704 τ’
1202 2667 1452 2714 ἐαριδρέπτων
1477 2666 1618 2711 λοιβᾶν,
1654 2674 1746 2708 quae

376 2731 478 2766 vides
510 2743 579 2766 non
614 2731 771 2775 potuisse
796 2742 861 2774 per
892 2741 1024 2766 novam
1050 2732 1218 2776 copulam
1242 2730 1281 2766 τὲ
1314 2730 1454 2765 subiici.
1502 2729 1574 2764 Sed
1598 2725 1746 2773 gravior
