1751 2986
1306 162 1398 189 Lxlx

36 253 254 299 posteriores
277 251 534 296 epitomatores
558 261 636 285 esse
659 251 869 286 transmissa
892 253 1031 286 indiciis
1053 253 1152 286 haud
1176 254 1294 288 dubiis
1317 265 1401 298 per-

35 314 197 359 spicitur.
230 313 323 347 Nam
345 312 430 347 libri
452 312 613 356 priorum
635 312 705 355 ipsi
729 313 904 356 paulatim
929 313 962 346 in
984 314 1203 349 oblivionem
1223 316 1398 351 abierant.

34 377 122 410 vide
146 387 238 420 quae
263 374 442 419 disputavi
465 374 586 409 Praef.
612 375 711 408 Eust.
738 386 771 418 p.
797 375 879 408 vlu
903 386 976 418 seq.
1004 378 1085 410 coll.
1110 377 1328 412 Prellero
1353 379 1399 412 ad

35 438 220 472 Polemon.
245 449 279 481 p.
302 436 358 470 68.

126 498 341 533 Recentiore
373 501 491 532 aetate
523 501 667 542 praeter
697 496 786 530 alios
820 497 856 530 in
889 498 1002 532 vitam
1033 504 1162 542 poetae
1195 503 1398 537 accuratius

33 560 217 604 inquisivit
240 560 279 593 C.
308 560 352 592 G.
371 559 696 600 Schneiderus‚
720 558 869 592 iuvenili
892 560 1033 602 quidem
1058 562 1195 604 libello,
1220 565 1282 597 sed
1309 575 1397 598 acu-

32 621 130 659 mine
154 624 189 655 et
212 621 389 666 elegantis
413 620 598 654 doctrinae
622 621 749 662 laude,
783 624 821 654 ut
844 625 919 654 tum
955 626 1056 656 erant
1081 627 1259 668 tempora,
1297 638 1396 660 com-

32 683 220 717 mendatot
245 683 456 716 Versuch
483 682 601 714 iiber
625 681 819 714 Pindars
843 682 996 716 Leben
1022 685 1110 717 und
1135 685 1394 720 Schriften.

33 745 122 778 Von
157 746 257 779 Joh.
301 744 442 777 Gottl.
482 742 747 776 Schneider.
803 743 1063 789 Strasburg
1096 746 1197 779 1774.
1264 749 1396 783 Postea

31 805 74 840 A.
97 805 365 840 Boeckhius
388 804 508 838 Praef.
534 804 651 847 Expll.
676 815 711 846 p.
735 802 779 835 12
801 815 898 847 seqq.
925 805 1081 839 maxime
1105 808 1149 840 de
1173 810 1397 852 temporibus

31 865 179 900 Pindari
209 866 392 907 disseruit,
423 866 481 899 cui
514 864 744 908 disputationi
780 867 950 899 nonnulla
984 867 1027 899 de
1060 868 1134 901 vita
1169 874 1297 911 poetae
1330 871 1395 903 ad—

32 928 187 963 miscuit.
237 929 293 962 Ex
323 927 497 962 historiae
530 927 648 971 poesis
678 926 841 960 Graecae
879 928 1113 971 scriptoribus
1142 931 1397 965 recentissimis

35 992 74 1026 C.
95 991 138 1026 0.
155 991 418 1025 Muellerus
442 988 675 1034 dignissimus
699 992 773 1029 est,
805 988 905 1021 cuius
931 992 1144 1035 perelegans
1170 993 1214 1025 de
1239 992 1395 1027 Pindaro

32 1052 190 1088 narratio
215 1053 439 1093 consulatui-3
463 1051 546 1085 vide
568 1051 705 1084 Histor.
730 1051 796 1084 litt.
823 1051 994 1085 Graecar.
1023 1053 1066 1086 T.
1091 1053 1118 1086 1.
1145 1066 1178 1097 p.
1203 1052 1270 1087 391
1296 1066 1394 1098 seqq.

121 1238 357 1272 Pindarus
396 1236 653 1271 Thebanus
684 1235 869 1270 Thebisne
908 1247 953 1270 an
989 1238 1293 1282 Cynoscephfflis,
1336 1240 1396 1283 qni

31 1298 133 1334 vicus
163 1297 234 1332 fuit
263 1298 464 1332 Thebanae
498 1297 658 1338 ditionis,
683 1317 727 1321 —
756 1308 778 1331 a
812 1298 1047 1341 scriptoribus
1076 1299 1199 1341 Κυνὸς
1223 1302 1396 1345 κεφαλαί,

33 1371 56 1395 a.
84 1359 332 1406 grammaticis
364 1371 476 1404 prave
501 1358 762 1402 Κυνοκέφαλοι
793 1364 944 1394 vocatur
977 1380 1018 1386 —
1053 1364 1172 1396 lucem
1202 1364 1395 1407 aspexerit,

0 1428 1 1439 ¹
32 1434 101 1456 non
124 1422 212 1456 satis
235 1421 398 1456 distincte
422 1422 564 1455 tradunt
588 1425 740 1455 veteres.
797 1422 1009 1456 Accnratius
1044 1435 1152 1466 quam
1176 1424 1238 1457 alii
1263 1426 1394 1460 Eusta-

33 1484 129 1519 thius
151 1486 184 1527 §.
209 1483 266 1518 25.
291 1496 325 1528 p.
351 1481 415 1516 14:
440 1481 557 1526 Κώμη
584 1483 757 1528 Θηβαίων
782 1484 817 1518 οὶ
843 1484 1126 1528 Κυνοκέφαλοι·
1152 1485 1197 1520 ἐκ
1221 1486 1395 1532 ταύτης

33 1544 81 1580 οἳ
121 1546 207 1580 τοῦ
245 1545 404 1589 σοφοῦ
446 1545 588 1580 τοῦδε
627 1543 893 1591 γενέτορες.
959 1547 1141 1582 Consentit
1172 1548 1251 1582 Vita
1285 1550 1393 1585 Metr.

33 1608 55 1642 1
79 1619 197 1652 seqq-2

122 1667 313 1712 Πίνδαρον
336 1664 533 1713 ’ὑψαγόρην
553 1667 770 1711 Καδμηΐδος
795 1667 900 1703 οὔδεϊ
925 1669 1050 1715 Θήβης

123 1729 294 1773 Κλειδίκη
319 1727 522 1773 εὐνηθεῖσα
545 1728 799 1774 μενεπτολέμῳ
826 1729 1032 1777 Δαϊφάντῳ

122 1790 291 1834 Γείνατο,
313 1788 540 1826 ναιετάουσα
563 1789 687 1830 Κυνὸς
711 1794 873 1836 κεφαλῆς
898 1792 999 1838 παρὰ
1022 1793 1139 1840 χώρῳ.

33 1851 157 1896 Neque
196 1851 369 1886 aliorsum
411 1852 486 1886 abit
522 1853 686 1887 Thomas
726 1866 760 1898 p.
801 1852 845 1887 4:
901 1855 946 1891 Οἱ
990 1855 1030 1891 δὲ
1069 1858 1291 1902 Παγιονίδου
1333 1859 1394 1892 καὶ

123 1981 319 2024 Bekkerus‚
344 1993 420 2016 cum
444 1984 549 2027 vulgo
574 1996 612 2019 τε
638 1992 721 2028 post
747 1985 969 2029 Δαϊφάντου
994 1987 1144 2019 abesset.
1185 1988 1289 2020 Nunc
1311 1988 1396 2031 quid

124 2027 176 2059 rei
199 2027 245 2059 sit
269 2027 465 2069 planissime
490 2038 645 2074 apparet.
678 2031 867 2063 Turbatam
893 2040 945 2064 est
968 2033 1002 2063 in
1029 2033 1195 2075 Catalogo
1216 2034 1396 2076 Lampriae

123 2073 217 2116 apud
241 2073 476 2107 Hoeschel.
513 2076 620 2118 (Aug.
646 2077 783 2108 Vindel.
816 2078 932 2120 1598.)
966 2084 1000 2109 et
1026 2078 1277 2110 Fabricium
1306 2079 1394 2111 Bibl.

125 2119 248 2150 Graec.
274 2118 316 2150 T.
342 2120 382 2151 V.
411 2133 443 2162 p.
472 2121 545 2153 160.
574 2121 747 2161 Harless„
783 2122 838 2153 ubi
866 2123 1079 2165 perscriptus
1116 2131 1170 2155 est
1200 2122 1252 2156 26'
1283 2121 1395 2169 ἾΙρα-

124 2161 253 2202 κλέους
286 2162 376 2207 βίος.
424 2163 470 2198 λε’
503 2163 688 2199 Ἡσιόδου.
736 2166 786 2203 λς’
822 2167 1080 2209 Πινδάρου.
1130 2166 1180 2210 λζ’
1214 2169 1395 2214 Κράτη-

126 2220 208 2247 τος
242 2208 324 2242 nat
356 2209 639 2252 Δαΐφαντος
683 2210 815 2253 (codex
855 2213 951 2246 Fulv.
984 2214 1102 2245 Ursini
1136 2216 1395 2258 Δαϊφάντου).

126 2255 234 2287 Paulo
265 2254 366 2286 aliter
390 2256 569 2297 catalogus
605 2257 927 2290 Siebenkeesii
963 2260 1117 2291 Venetus
1149 2261 1234 2292 ibid.
1268 2272 1302 2304 p.
1332 2262 1395 2294 167

125 2311 224 2343 seq.:
247 2297 478 2345 Ἱῐρακλέους.
499 2299 672 2336 <Ησιόδου
697 2303 787 2347 βίος.
825 2303 1017 2347 Κράτητος
1040 2305 1129 2348 βίος.
1164 2305 1396 2348 Δαΐφαντος.

124 2344 266 2378 Pindari
292 2357 432 2388 prorsus
459 2348 686 2380 desideratur.
741 2349 776 2379 Si
803 2361 980 2391 compares
1014 2357 1197 2393 utrumque
1230 2352 1396 2391 indicem,

126 2390 232 2423 facile
264 2399 412 2435 apparet
444 2393 639 2436 Lampriam
671 2404 810 2436 quoque
842 2395 1043 2437 scripsisse:
1081 2395 1274 2439 Κράτητος
1306 2398 1397 2442 βίος.

126 2433 349 2478 Δαϊφάντου
383 2437 446 2472 καὶ
472 2437 678 2483 Πινδάρου.
732 2440 820 2471 Nam
853 2442 1037 2483 quominus
1073 2441 1305 2484 Daiphantum
1339 2444 1398 2474 in-

126 2481 265 2524 telligas
309 2482 524 2516 Phoceusem
565 2485 809 2527 imperatorem
851 2498 927 2518 cum
972 2487 1210 2529 Fabricio,
1260 2496 1398 2530 praeter

126 2526 288 2560 Photium
321 2528 441 2561 obstat
464 2529 541 2572 ipse
566 2531 676 2571 ordo,
710 2531 770 2572 qui
795 2531 952 2564 homiues
979 2534 1132 2564 Boeotos
1167 2540 1202 2565 et
1227 2545 1286 2564 eos
1313 2535 1396 2566 lite-

128 2571 177 2604 ris
211 2572 416 2606 nobilitatos
445 2575 540 2607 iuxta
570 2576 705 2619 positos
738 2584 919 2609 monstrat.
979 2578 1153 2610 Cratetem
1186 2579 1397 2611 audiendum

129 2628 205 2648 esse
243 2617 467 2662 Thebanum,
509 2621 673 2663 Diogenis
713 2621 828 2664 cynici
861 2622 1088 2665 discipulum,
1128 2623 1234 2655 docet
1272 2625 1397 2656 iuliani

129 2662 228 2694 locus
252 2664 348 2696 Orat.
376 2666 434 2697 VI.
468 2677 503 2708 p.
527 2666 614 2699 200:
645 2662 836 2710 Ἐνέτυχον
860 2668 911 2713 τῷ
934 2668 1148 2714 Χαιρωνείᾳ)
1174 2667 1399 2715 Πλουτάρχῳ

130 2704 198 2741 τὸν
220 2707 414 2753 Κράτητος
437 2708 700 2757 οἷναγράψαντι
725 2712 818 2757 βίον.
