1751 2986
615 58 995 114 CARMI'NUM.
1434 83 1500 111 m

143 180 298 215 Isthm.
331 179 407 213 vn.
478 179 654 213 Cleandro
701 178 917 212 Telesarchi
962 177 990 210 f.
1036 174 1256 221 Aeginetae,
1314 175 1501 218 pancratio

210 235 371 270 Isthmiis
396 239 432 269 et
453 235 598 280 Nem-eis
620 234 767 276 victori3
801 245 947 268 carmen
970 233 1141 277 scriptum
1166 231 1291 276 paucis
1312 231 1502 275 post‘Pla-

211 292 347 326 taicam
372 302 531 337 pugnam
555 291 736 325 mensibus
762 291 906 335 Olymp.
931 286 988 332 75,
1011 289 1044 322 2.
1077 292 1113 322 et
1136 288 1299 334 Aeginae
1322 291 1501 321 cantatum

211 349 345 389 statim,
369 352 408 382 ut
430 348 591 389 videtur,
624 352 703 391 post
727 347 946 381 Nemeaeam
969 346 1183 385 victoriam3
1213 344 1366 378 Isthmia
1387 344 1502 377 victo-

211 404 269 439 ria
303 415 372 438 non
414 407 495 448 post
528 404 672 448 Olymp.
708 403 772 446 75,
810 404 860 445 1.,
903 404 1087 438 'Nemeaea
1118 413 1187 436 non
1231 400 1502 446 posthiemem

214 461 360 506 Olymp.
384 459 442 502 75,
465 459 498 494 2.
523 460 685 505 contigit.

370 719 672 776 INDEX
720 718 1289 776 TEMPORUM.

148 917 474 964 Olympiadum
498 918 636 952 initium
662 929 694 952 a.
715 919 800 952 Chr.
819 917 897 951 776.
919 929 1010 952 anno
1028 918 1221 963 Olympico
1245 917 1362 961 primo
1386 927 1508 951 mense

215 974 342 1019 primo,
362 973 679 1008 Hecatombaeone
696 976 812 1008 Attico
830 976 862 1008 d.
883 976 984 1008 Xl—
997 975 1067 1008 XV.
1094 975 1250 1019 (Corsin.
1270 974 1361 1007 Diss.
1380 975 1507 1019 agon.)

147 1031 425 1077 Pythiadum
451 1031 588 1065 initium
615 1032 759 1076 Olymp.
784 1030 840 1073 48,
865 1032 897 1065 3.
933 1033 984 1075 (v.
1010 1032 1141 1065 lutrod.
1169 1032 1215 1064 ad
1239 1032 1386 1076 Olymp.
1412 1031 1508 1074 ΧΠ.)

214 1087 406 1131 incipiente
436 1099 559 1121 mense
594 1088 710 1121 Attico
741 1088 1003 1133 Munychione,
1038 1088 1221 1134 Olympici
1254 1088 1334 1121 anni
1369 1087 1510 1120 decimo

217 1144 373 1188 (Col-sin.
399 1143 491 1176 Diss.
519 1144 660 1189 agon).

148 1200 422 1235 Nemeadum
452 1200 590 1234 initium
613 1201 809 1234 secundum
834 1200 1029 1234 Eusebium
1054 1201 1199 1245 Olymp.
1221 1199 1279 1241 53,
1304 1200 1336 1232 1.
1362 1201 1421 1233 vel
1446 1211 1510 1243 po—

216 1257 288 1291 tius
321 1257 466 1301 Olymp.
496 1256 561 1299 53,
593 1258 625 1290 2.
686 1257 846 1290 Incidunt
886 1257 981 1290 enim
1021 1258 1056 1291 in
1091 1258 1302 1301 olympicos
1334 1267 1444 1289 annos
1476 1254 1507 1287 2.

219 1317 255 1348 et
276 1313 309 1347 4.
345 1313 498 1357 (Corsin.
524 1313 616 1346 Diss.
645 1316 788 1359 agon),
823 1313 1034 1347 aestivae
1068 1315 1103 1347 in
1129 1325 1259 1347 annum
1283 1312 1315 1345 4.
1351 1317 1385 1346 et
1409 1323 1509 1345 men-

216 1381 297 1415 sem¹
318 1370 500 1414 Olympici
523 1370 605 1403 anni
628 1371 836 1407 secundum.
877 1371 1173 1415 Metagitnionem
1197 1370 1350 1403 Atticum
1374 1370 1406 1402 d.
1435 1369 1510 1401 ΧΠ.

218 1426 446 1460 hibernae
470 1430 573 1459 actae
597 1426 718 1459 hieme
744 1431 894 1459 exeunte
918 1428 1000 1460 anni
1019 1427 1051 1459 2.
1078 1428 1130 1470 (v.
1148 1427 1394 1470 Appendicem
1413 1437 1511 1457 com—

218 1482 446 1516 mentationis
468 1487 610 1516 nostrae
641 1482 685 1516 de
708 1483 893 1516 Demosth.
920 1483 1006 1516 Mid.
1032 1488 1142 1527 temp.
1175 1484 1210 1516 in
1237 1484 1375 1516 Comm.
1398 1482 1511 1515 Acad.

220 1538 340 1572 Berol.
367 1549 401 1572 a.
427 1538 561 1581 1818).

151 1594 464 1629 Isthmiadum
498 1605 665 1627 numerus
688 1606 732 1627 ne
756 1605 848 1627 unus
871 1595 1014 1638 quidem
1041 1606 1062 1628 a
1089 1595 1232 1629 Pindari
1257 1594 1513 1640 interpretibus

219 1650 379 1686 affertur.
425 1651 509 1684 Dies
534 1651 676 1684 definiri
700 1662 803 1694 posse
828 1651 998 1684 Con-sinus
1032 1653 1182 1695 putabat
1202 1652 1296 1685 Diss.
1323 1662 1426 1696 agon.
1455 1652 1513 1693 IV,

221 1707 244 1741 3
266 1718 375 1751 seqq„
400 1717 507 1751 quem
530 1706 689 1741 refutavi
712 1707 757 1740 ad
776 1707 922 1751 Olymp.
950 1709 1010 1747 lx,
1028 1708 1073 1741 86
1097 1720 1194 1752 seqq.
1242 1709 1436 1743 Alterae
1460 1708 1512 1741 in-

222 1763 388 1797 cidebant
420 1763 452 1796 i'n
478 1763 661 1808 Olympici
695 1764 777 1797 anni
801 1764 833 1796 1.
866 1764 1066 1808 incipientis
1099 1770 1292 1805 aestatem,
1327 1767 1512 1799 alterae

221 1831 308 1854 vere
331 1821 392 1854 vel
423 1820 488 1853 sub
522 1824 696 1854 aestatem
719 1821 912 1865 Olympico
945 1832 1037 1855 anno
1061 1822 1093 1856 3.
1129 1827 1279 1856 exeunte
1309 1823 1514 1867 agebantur

223 1876 377 1920 (Corsin.
402 1876 450 1909 ib.
478 1877 534 1919 lv,
556 1876 623 1920 5.).

156 2037 333 2083 Olymp-
355 2035 411 2080 64,
434 2037 467 2071 3.
497 2037 602 2081 Pyth.
628 2037 683 2070 17.

221 2094 398 2128 Pindarus
429 2097 534 2126 natus
564 2105 686 2126 mense
710 2093 826 2126 Attico
851 2093 1095 2137 Munychione
1126 2092 1333 2137 incipiente,
1364 2093 1399 2127 in
1430 2093 1517 2138 ipsis

290 2149 444 2194 Pythiis.

157 2204 334 2251 olymp.
357 2204 416 2248 68,
441 2204 474 2239 3.
522 2205 700 2238 Pindarus
724 2216 834 2238 annos
856 2205 1014 2238 sedecim
1036 2210 1151 2240 natus.

223 2262 266 2296 Si
287 2261 318 2295 is
341 2273 431 2306 puer
453 2261 601 2295 Athenis
624 2262 756 2295 choros
779 2262 914 2307 cyclios
939 2262 1120 2305 docuerit,
1152 2263 1249 2298 circa
1273 2264 1369 2298 hunc
1392 2265 1428 2298 id
1452 2275 1516 2298 an-

290 2329 376 2352 num
400 2317 596 2362 posuerim.

223 2374 278 2408 Ad
300 2375 398 2408 idem
419 2379 561 2419 tempus
584 2385 694 2418 usque
718 2376 764 2408 ad
786 2374 1000 2408 vicesimum
1022 2385 1152 2409 annum
1177 2377 1368 2411 referenda
1394 2377 1517 2410 viden-

293 2434 350 2465 tur
373 2442 465 2475 quae
489 2432 534 2465 de
557 2431 682 2465 studiis
705 2435 857 2475 poetae,
887 2432 1044 2465 maxime
1076 2432 1121 2465 de
1146 2433 1322 2467 Corinnae
1357 2433 1516 2467 familia-

291 2487 398 2522 ritate
422 2488 622 2522 traduntur.

226 2543 324 2578 Inter
345 2543 464 2588 prima
487 2544 648 2578 carmina
672 2544 826 2588 pertinet
848 2545 1014 2589 Hymnus
1038 2544 1174 2589 primus
1197 2546 1363 2591 (Fragm.
1381 2546 1516 2590 Hymn.

293 2598 316 2632 l
339 2600 457 2645 seqq.)
481 2610 504 2635 a
523 2601 684 2635 Corinna
698 2601 957 2646 reprehensus.
