1751 2986
314 136 406 167 XCIV

316 230 460 274 serpina
484 238 548 272 per
569 225 749 260 somnium
772 223 929 258 Pindaro
955 223 1165 267 apparuisse
1189 232 1299 266 seque
1327 225 1366 257 ut
1388 221 1547 255 carmine
1570 229 1678 254 orna—

317 295 373 326 ret
395 291 610 335 imperasse,
648 296 740 330 quae
765 286 844 318 sola
868 296 911 318 ex
935 284 1102 318 omnibus
1125 283 1193 317 diis
1216 283 1373 316 nondum
1396 283 1442 316 ab
1467 293 1510 316 eo
1535 283 1680 315 cantata

317 353 373 386 sit.
429 351 710 392 Obtemperasse
740 347 862 381 illum:
896 348 1004 390 paulo
1029 349 1209 389 postesse
1242 348 1436 378 mortuum.
1481 342 1680 376 Pausanias

317 414 381 455 IX,
404 411 460 453 23,
485 411 525 444 2:
557 408 710 452 Λέγεται
733 409 798 443 καὶ
821 406 1010 454 ὀνείρατος
1035 403 1126 450 ὄψιν
1150 404 1252 452 αὐτῷ
1276 404 1451 450 γενέσθαι
1472 403 1682 450 προήκοντι

318 474 356 515 ἐς
372 474 500 518 γῆρας.
529 470 708 506 ἐπιστᾶσα
729 470 749 516 ἡ
768 468 985 516 Περσεφόνη
1004 469 1040 504 οἱ
1056 467 1280 504 καθεύδοντι
1299 465 1366 502 οὐκ
1389 465 1547 510 ἔφασκεν
1564 464 1683 510 ’ὑμνη-

319 536 440 579 θῆναι
463 531 558 577 μόνη
582 533 687 567 θεῶν
709 530 784 566 ’ὑπὸ
811 529 1026 577 Πινδάρου·
1057 529 1229 576 ποιήσειν
1256 529 1383 575 μέντοι
1414 527 1478 563 καὶ
1501 527 1537 568 ἐς
1562 525 1683 571 αὐτὴν

319 591 418 644 ᾆσμα
452 595 643 639 Πίνδαρον
674 592 836 629 ἐλθόντα
878 591 928 632 ὥς
959 590 1089 637 αὕτήν.
1146 592 1220 627 Καὶ
1259 591 1326 627 τὸν
1365 590 1432 635 μὲν
1470 587 1606 624 αὐτίκα
1638 585 1681 623 τὸ

318 656 436 704 χρεών
466 653 727 701 ἐπιλαμβάνει,
759 654 847 700 πρὶν
871 651 1013 696 ἐξήκειν
1043 653 1183 699 ἡμέραν
1208 651 1366 696 δεκάτην
1391 649 1465 686 άπὸ
1490 652 1559 686 τοῦ
1582 648 1683 685 ὀνεί-

319 732 441 766 ρατος.
491 712 557 752 Ἦν
588 716 628 752 δὲ
660 716 699 752 ἐν
732 716 873 761 Θήβαις
904 713 995 760 γυνὴ
1029 716 1224 762 πρεσβῦτις
1254 714 1383 759 γένους
1415 714 1537 749 εἵνεκα
1566 724 1684 758 προς-

319 779 463 826 ήκουσα
482 778 658 826 Πινδάρῳ
678 778 741 813 καὶ
765 775 811 812 τὰ
836 776 954 812 πολλὰ
969 779 1241 822 μεμελητηκυῖα
1265 772 1371 824 ᾄδειν
1393 777 1469 811 τῶν
1492 773 1681 823 ᾀσμάτων.

320 841 439 887 ταύτῃ
472 842 663 887 Πίνδαρος
693 839 868 875 ἐνύπνιον
899 839 945 884 τῇ
969 838 1186 884 πρεσβύτιδι
1208 836 1362 877 ἐπιστὰς
1390 835 1510 882 ’ὕμνον
1534 831 1625 883 ᾖδεν
1648 835 1685 876 ἒς

321 902 583 951 Περσεφόνην·
617 901 639 947 ἠ
673 900 713 937 δὲ
738 899 884 943 αὐτίκα,
910 900 959 941 ὥς
985 897 1161 934 ἀπέλιπεν
1184 896 1304 943 αὐτὴν
1329 897 1348 934 ὁ
1374 897 1515 940 ὕπνος,
1547 897 1685 943 ἔγραψε

319 967 452 1009 ταῦτα,
484 963 605 1000 ὁπόσα
638 965 707 998 τοῦ
741 962 931 1008 ὀνείρατος
974 959 1134 1006 ἤκουσεν
1166 957 1337 1006 ᾄδοντος.
1393 959 1432 996 ἐν
1472 959 1593 1005 τούτῳ
1631 958 1685 1005 τῷ

320 1025 456 1076 ᾄσματι
481 1023 589 1061 ἄλλαι
613 1039 651 1061 τε
678 1025 713 1066 ἐς
729 1023 796 1059 τὸν
812 1025 927 1069 Αἴδην
949 1023 1041 1059 εἰσὶν
1059 1021 1264 1066 ἐπικλήσεις
1286 1021 1348 1057 καὶ
1373 1020 1393 1057 ὁ
1417 1019 1684 1067 χρυσήνιος·

322 1091 417 1133 δῆλα
451 1087 500 1127 αἷς
531 1087 590 1123 ἐπὶ
619 1089 685 1132 τῆς
708 1086 819 1133 κόρης
851 1087 897 1132 τῇ
924 1083 1084 1132 ἁρπαγῇ.
1139 1085 1211 1118 Pro
1236 1085 1452 1128 Proserpina
1475 1082 1687 1117 Eustathius

321 1155 357 1185 et
381 1151 524 1184 Vratisl.
558 1162 594 1194 p.
620 1149 653 1183 9.
688 1149 875 1182 nominant
897 1149 1086 1181 Cererem:
1122 1146 1260 1180 scilicet
1289 1146 1471 1190 utriusque
1501 1146 1591 1179 deae
1625 1144 1688 1178 vix

321 1212 562 1246 dissociabilis
591 1212 717 1246 laudes
749 1210 1090 1253 counprehenderat3
1122 1220 1158 1241 v.
1190 1208 1389 1240 Preller.
1423 1207 1467 1239 de
1499 1206 1619 1239 cerer.
1653 1208 1689 1239 et

321 1275 487 1318 Proserp.
522 1286 557 1317 p.
590 1272 647 1306 58.
712 1272 887 1305 Pindarus
919 1270 1061 1304 videtur
1099 1267 1225 1311 paucis
1258 1270 1340 1300 ante
1375 1272 1529 1301 mortem
1563 1267 1689 1300 diebus

320 1335 460 1369 somnio
483 1335 641 1368 monitus
664 1354 710 1358 —
733 1337 772 1367 ut
795 1334 962 1367 Socrates
986 1329 1139 1365 eandem
1166 1329 1211 1361 ob
1237 1339 1383 1362 causam
1408 1330 1553 1363 fabulas
1575 1329 1688 1362 Aeso-

322 1398 402 1441 pias
424 1417 468 1422 —-
501 1398 678 1441 hymnum
709 1396 811 1429 illum
848 1393 1111 1438 composuisse,
1148 1392 1243 1434 quod
1272 1391 1510 1424 novissimum
1542 1400 1688 1423 carmen

322 1459 524 1503 propinqua
547 1458 616 1491 ista
639 1460 720 1501 post
745 1457 883 1490 obitum
908 1456 984 1489 eius
1005 1455 1041 1488 in
1065 1455 1182 1487 lucem
1207 1453 1370 1487 ediderit.
1417 1453 1456 1486 In
1474 1452 1536 1486 illo
1550 1453 1686 1497 hymno

321 1523 467 1564 poetam
490 1519 669 1552 somnium
692 1518 813 1561 ipsum
836 1516 996 1561 tetigisse
1020 1516 1202 1559 suspicor:
1240 1514 1380 1558 reliqua
1402 1515 1606 1548 Pausaniae
1628 1525 1688 1548 su-

322 1580 523 1625 perstitioni
545 1579 788 1623 relinquimus,
838 1577 894 1612 Cf.
920 1577 1120 1610 Boeckh.
1147 1577 1192 1610 ad
1217 1578 1343 1622 hymn.
1367 1575 1412 1609 fr.
1436 1575 1468 1609 8.
1493 1588 1529 1620 p.
1555 1575 1634 1609 564.

412 1640 521 1685 Argis
552 1640 628 1673 fato
660 1641 823 1677 functum
853 1642 999 1684 pectam
1033 1651 1076 1672 ex
1108 1642 1231 1672 vetere
1265 1638 1530 1683 epigrammate
1567 1640 1690 1671 narrat

323 1703 534 1737 Eustathius
557 1701 613 1734 25.
644 1714 680 1746 p.
704 1701 759 1735 16.
791 1704 827 1736 et
850 1701 991 1734 Vratisl.
1017 1712 1053 1743 p.
1081 1699 1145 1733 10:
1190 1700 1274 1734 Τῶν
1298 1699 1491 1746 Πινδάρου
1523 1697 1689 1744 θυγατέ-

322 1777 398 1811 ρων
418 1764 602 1809 μέμνηται
624 1764 688 1799 καὶ
711 1758 1107 1810 ἐπίγραμμαπαλαιὸν
1131 1759 1268 1797 ἐκεῖνο·

409 1822 458 1862 Ἦ
475 1826 576 1871 μάλα
600 1825 832 1872 Πρωτομάχη
856 1837 896 1860 τε
917 1823 980 1859 καὶ
1004 1821 1169 1868 Εὔμητις
1193 1821 1398 1868 λιγύφωνοι

503 1886 707 1929 ἔκλαυσαν,
729 1887 884 1922 πινυταὶ
909 1885 1109 1932 Πινδάριαι
1134 1884 1319 1931 θύγατρες
1335 1886 1408 1930 1⁶),

411 1948 583 1996 Ἀργόθεν
607 1944 701 1994 ἦμος
726 1950 871 1991 ἵκοντο,
898 1947 1085 1993 κομιζοῦσ’
1108 1947 1240 1983 ἐνδόθι
1263 1946 1432 1993 κρωσσοῦ

505 2009 650 2056 λείψαν’
674 2009 748 2046 α’πὸ
777 2011 897 2055 ξείνης
920 2008 1048 2056 άθρόα
1070 2011 1268 2057 πυρκαϊῆς.

320 2072 382 2109 Ἐν
406 2067 436 2120 ᾦ
460 2072 506 2117 δι’]
532 2072 777 2119 ἐπιγράμματι
809 2069 854 2107 ov’
885 2071 1114 2116 δηλουμένου
1143 2073 1213 2107 τοῦ
1245 2071 1323 2111 πῶς
1353 2069 1391 2105 ἐν
1413 2067 1535 2116 ’Ἀργει
1558 2066 1690 2105 θανὼν

322 2134 343 2171 ὁ
370 2136 560 2180 Πίνδαρος
593 2132 673 2169 εἶτα
704 2134 741 2174 ἐς
764 2133 835 2179 τήν
858 2134 1022 2180 πατρίδα
1055 2132 1200 2170 ἐκεῖθεν
1232 2132 1436 2177 ἐκομίσθη,
1468 2127 1568 2175 ὅμως
1592 2129 1691 2166 ἐστὶν

322 2195 555 2241 ὑπονοῆσαι,
594 2193 655 2231 ὅτι
688 2193 866 2231 α’πελθών
911 2197 964 2237 εἴς
1004 2210 1090 2231 τινα
1128 2191 1430 2239 Πελοποννήσιον
1462 2191 1590 2237 άγῶνα
1626 2191 1691 2227 καὶ

307 2257 456 2295 ,θανών
487 2255 568 2293 κατ’
608 2254 699 2293 αὐτὸ
735 2256 776 2292 τὸ
808 2255 932 2302 ’Ἁργος
965 2256 1140 2304 ἀπεδόθη
1179 2258 1324 2294 ἐκεῖθεν
1362 2256 1515 2301 πατρίδι
1548 2252 1690 2300 νεκρός,

326 2377 385 2420 1⁶)
410 2374 609 2407 Eustathius
643 2373 773 2418 pariter
815 2380 919 2417 atque
952 2372 1095 2405 Vratisl.
1127 2369 1322 2415 Πινδάρου
1356 2369 1560 2416 θυγατέρες
1592 2371 1693 2403 exhi-

415 2421 508 2452 bent.
545 2419 729 2451 Leniorem
753 2418 898 2450 adhibui
922 2419 1130 2450 medicinam
1157 2428 1257 2461 quam
1283 2416 1354 2458 alii,
1379 2417 1438 2460 qui
1461 2424 1689 2460 transposue-

412 2472 515 2498 runt:
550 2464 741 2509 Πινδάρου
776 2462 957 2498 ἔκλαυσαν
979 2461 1184 2508 θυγατέρες
1215 2462 1379 2495 πινυταί.
1429 2462 1691 2506 Elegantissima

414 2519 531 2544 tamen
575 2510 776 2543 coniectura
809 2512 850 2542 A.
883 2509 1108 2542 Meinekii
1141 2516 1192 2541 est
1226 2508 1362 2540 Delect.
1396 2509 1507 2543 Poett.
1544 2508 1690 2541 Anthol.

414 2558 539 2590 Graec.
565 2568 600 2599 p.
626 2556 704 2589 239.
730 2555 837 2587 haec:

474 2596 525 2636 ³H
544 2599 642 2645 μάλα
670 2597 903 2645 Πρωτομάχα
925 2610 972 2634 σε
995 2598 1059 2633 καὶ
1085 2594 1251 2643 Εὔμητις
1275 2595 1481 2642 λιγύφωνοι

549 2646 730 2682 ἔκλαυσαν
753 2645 928 2689 πινυταί,
956 2645 1135 2690 Πίνδαρε,
1159 2644 1373 2688 θυγατέρες.

414 2693 505 2727 Mihi
526 2699 643 2726 tamen
666 2703 770 2736 quam
793 2703 895 2737 supra
920 2692 1022 2736 posui
1046 2691 1221 2734 scriptura
1245 2689 1430 2724 satisfacit.
