1751 2986
1350 157 1448 185 xxlu

83 246 181 280 tonis
203 246 314 280 rebus
336 247 383 280 ad
406 246 572 281 altiorem
595 256 762 280 normam
784 257 888 280 suam
911 250 947 281 et
970 247 1188 292 imaginem,
1212 259 1358 282 carmen
1384 261 1448 283 ex—

83 306 172 341 stitit
194 318 264 351 quo
288 307 380 342 nihil
401 307 601 342 sublimius.
636 327 675 332 —
712 307 812 340 Nem.
837 308 911 342 vll.
935 308 1048 342 virtus
1073 310 1230 354 genuina
1254 311 1447 345 ostenditur

83 369 269 403 indelebili
298 369 414 403 laudis
447 373 483 403 et
515 369 662 403 honoris
694 370 857 412 praemio
892 380 914 402 a
947 369 1015 402 diis
1051 371 1237 413 decorata,
1270 383 1364 415 quae
1386 383 1447 406 res

81 430 203 464 Aiacis
225 434 262 464 et
284 430 526 474 Neoptolemi,
549 430 789 463 maximorum
813 431 967 464 heroum
991 431 1282 475 domesticorum,
1307 432 1446 467 fabulis

82 491 119 525 in
135 492 382 535 pulcherrima
401 493 481 525 luce
490 491 644 534 ponitur.
682 490 825 524 Civium
842 492 987 526 fortuna
1004 492 1038 525 in
1060 494 1211 527 heroum
1230 494 1446 528 domestico—

79 564 161 586 rum
183 553 329 587 fortuna
350 553 442 587 inest
464 552 670 588 illustriore.
693 570 740 578 —
764 552 820 586 01.
839 555 900 587 xl.
925 554 1100 588 sententia
1124 559 1177 589 est
1200 556 1308 589 rebus
1332 557 1445 601 gestis

82 613 238 657 epinicia
259 615 384 648 deberi
410 618 445 648 et
464 614 598 658 κῶμον,
625 619 660 647 et
684 614 811 648 dicitur
835 615 1025 659 perspicue
1049 620 1084 649 et
1109 617 1153 650 de
1178 617 1331 651 victoria
1346 618 1444 663 Age—

78 675 208 709 sidami
242 680 278 710 et
308 677 352 709 de
387 675 587 709 carminum
621 676 739 708 laude.
789 676 963 710 Similiter
994 677 1028 710 in
1053 677 1216 721 mythica
1241 678 1444 712 narratione

79 736 150 770 duo
180 739 378 780 ponuntur:
419 740 542 770 narrat
573 740 680 779 poeta
710 736 865 779 primum
899 738 1069 771 Herculis
1100 738 1238 772 bellum
1269 740 1443 773 adversus

79 799 246 832 Cteatum
269 801 305 832 et
327 798 505 842 Eurytum
520 823 529 839 ,
562 797 703 841 Augiae
727 798 867 837 socios,
893 798 1079 841 ipsumque
1103 800 1279 844 Augiam,
1314 800 1442 833 deinde

77 859 251 894 victoriae
276 870 384 893 causa
407 859 568 893 instituta
592 859 764 903 Olympia
788 871 870 893 cum
896 860 1150 893 certaminibus
1175 865 1210 894 et
1234 860 1342 905 κώμῳ
1357 888 1365 903 ,
1391 865 1441 903 ut,

76 922 379 965 quemadmodum
408 920 527 964 prima
551 920 723 964 Olympia
745 922 914 955 Herculis
937 923 1147 956 καλλινίκου
1172 922 1326 965 epinicia
1351 922 1438 956 suis*

77 987 155 1017 sent
177 988 258 1028 post
281 994 340 1017 res
362 982 517 1016 feliciter
541 987 682 1027 gestas,
718 982 770 1014 sic
804 983 837 1015 in
870 987 1052 1025 posterum
1078 983 1275 1017 certamina
1298 985 1440 1017 ludicra

76 1048 112 1078 et
142 1046 265 1089 κῶμος
297 1055 401 1078 sacro
435 1045 505 1077 ritu
540 1055 604 1088 per
638 1043 757 1077 onmia
789 1048 952 1087 tempora
983 1045 1205 1078 haberentur
1237 1046 1436 1079 coniuncta.

75 1107 156 1150 Qua
178 1107 381 1141 inventione
405 1106 489 1150 quid
513 1105 684 1139 felicius?
730 1107 862 1140 Suavis
886 1111 922 1141 et
945 1107 1088 1151 poetica
1111 1106 1286 1140 sententia
1310 1119 1376 1150 per
1398 1117 1437 1140 se

75 1169 120 1202 de
144 1169 250 1202 laude
274 1169 417 1212 poesios
443 1167 552 1200 rebus
575 1167 688 1211 gestis
713 1168 859 1208 debita3
899 1179 989 1200 nunc
1015 1171 1135 1200 autem
1159 1179 1226 1200 non
1251 1169 1331 1201 sola
1354 1168 1437 1201 abs-

74 1231 190 1262 tracta
214 1229 433 1274 cogitatione
457 1229 586 1271 sentis,
619 1229 681 1262 sed
707 1230 807 1262 vides
832 1229 935 1273 quasi
959 1229 1191 1272 conspicuum
1215 1235 1295 1262 ante
1314 1231 1437 1263 oculos

73 1290 326 1335 Olympiorum
357 1301 460 1324 sacro
492 1291 563 1324 ritu
587 1291 763 1325 sancitam
787 1295 822 1325 et
845 1292 1076 1324 observatam
1101 1290 1182 1324 inde
1208 1292 1253 1324 ab
1279 1292 1436 1324 Hercule

74 1353 301 1396 praeclaram
326 1353 420 1386 hanc
442 1364 564 1385 rerum
588 1358 773 1396 gestarum
798 1357 833 1385 et
857 1351 982 1394 κώμου
1003 1352 1296 1385 coniunctionem.
1331 1353 1435 1395 Quae

73 1425 182 1457 quum
205 1414 257 1447 ita
279 1415 361 1456 sint,
386 1415 583 1447 luculenter
609 1418 774 1457 apparet,
799 1418 971 1456 quantum
995 1425 1017 1447 a
1042 1425 1129 1447 vera
1152 1417 1272 1446 mente
1290 1413 1437 1446 Pindari

73 1475 322 1509 aberraverint
345 1475 416 1518 qui,
442 1486 510 1508 non
529 1476 730 1515 sentientes,
755 1486 819 1508 cur
842 1475 1014 1508 victoriae
1039 1479 1074 1508 ct
1092 1475 1247 1517 epinicia
1262 1475 1434 1508 victoria—

71 1547 152 1570 rum
177 1537 237 1570 hic
263 1535 535 1581 coniungantur,
560 1536 694 1570 flustra
707 1540 890 1579 quaerunt,
909 1536 994 1579 quid
1008 1536 1170 1569 facinora
1190 1536 1323 1570 bellica
1339 1537 1432 1569 Her-

72 1598 162 1633 culis
183 1601 328 1632 narrata
348 1597 417 1631 sibi
443 1597 565 1639 velint,
589 1598 672 1641 quid
690 1598 765 1631 ludi
785 1597 979 1641 Olympici,
1004 1609 1068 1631 nec
1087 1597 1153 1630 nisi
1172 1597 1432 1642 digressionem

71 1659 194 1703 inopia
222 1669 344 1692 rerum
367 1658 505 1693 factam
528 1659 697 1693 viderunt
721 1660 781 1693 ubi
806 1658 1052 1703 pulcherrima
1075 1659 1248 1693 thematis
1272 1660 1432 1703 explica-

68 1720 118 1755 tio
141 1720 308 1754 habetur.

158 1781 323 1816 Diximus
355 1783 558 1827 generatim
589 1783 633 1816 de
671 1782 850 1827 dignitate
875 1786 909 1815 et
939 1794 1004 1815 usu
1030 1782 1237 1816 fabularum
1263 1787 1431 1826 quantum

69 1843 174 1884 satis3
199 1846 320 1885 restat,
346 1848 384 1877 ut
406 1844 600 1878 varietates
625 1845 854 1889 explicemus,
880 1855 972 1887 quae
999 1845 1034 1877 in
1058 1855 1124 1877 usu
1148 1845 1355 1879 fabularum
1378 1845 1430 1878 in-

71 1905 272 1944 veniuntur,
296 1916 432 1948 omnes,
456 1918 500 1939 ne
525 1907 609 1950 quid
630 1907 709 1949 hic,
735 1910 906 1949 quantum
929 1906 1072 1949 quidem
1099 1906 1132 1939 in
1159 1907 1262 1939 nobis
1285 1908 1341 1948 sit,
1366 1907 1430 1940 ob·

70 1967 250 2000 scuritatis
282 1972 478 2001 remaneat.
525 1968 644 2013 Igitur
675 1968 865 2012 primum
896 1967 1079 2009 quidem
1108 1968 1288 2001 interdum
1314 1969 1433 2010 plures

72 2028 221 2062 fabulae
243 2032 421 2072 ponuntur
444 2030 489 2063 ad
513 2040 623 2062 unam
647 2041 724 2063 rem
749 2028 973 2062 ornatissime
992 2032 1027 2061 et
1053 2029 1099 2061 ab
1126 2029 1221 2061 omni
1250 2033 1350 2072 parte
1370 2030 1432 2063 de-

56 2091 293 2138 clarandam.
327 2090 456 2124 Isthm.
470 2092 509 2124 V.
529 2090 724 2134 Lamponis
742 2090 901 2123 filiorum
918 2093 952 2122 et
966 2090 1123 2123 maxime
1142 2090 1363 2135 Phylacidae
1379 2091 1433 2124 iu—

72 2151 183 2185 nioris
203 2148 360 2196 ἆνδρίαν
379 2152 502 2185 laudat
529 2156 564 2184 et
590 2163 633 2184 ex
649 2151 842 2194 reportatis
867 2151 1028 2185 victoriis
1046 2157 1247 2196 auguratur
1269 2153 1428 2186 futuram

71 2211 314 2257 Olympicam.
343 2213 384 2246 In
405 2224 474 2256 quo
491 2213 648 2256 primum
664 2213 876 2246 immensam
885 2213 1120 2247 Aeacidarum
1137 2214 1294 2258 gloriam
1310 2218 1428 2248 osten-

72 2273 124 2307 dit
146 2274 191 2308 ad
206 2274 466 2318 Hyperboreos
492 2279 526 2308 et
544 2274 737 2317 Aethiopes
756 2285 870 2318 usque
887 2280 1139 2321 propagatam,
1163 2280 1240 2310 tum
1254 2277 1429 2310 Telamo-

70 2334 126 2368 nis
140 2345 198 2368 res
215 2338 337 2379 gestas
352 2340 485 2378 narrat,
510 2340 545 2370 et
561 2341 599 2369 ut
624 2335 721 2369 filius
736 2337 928 2370 Telamoni
952 2337 1147 2380 promissus
1162 2338 1272 2372 fuerit
1290 2338 1432 2383 magni-

71 2396 144 2429 fico
169 2396 321 2441 augurio
344 2397 448 2431 Aiax.
497 2398 599 2441 Quae
626 2408 683 2430 res
707 2398 759 2431 sic
782 2398 1040 2443 intelligenda,
1071 2403 1111 2432 ut
1141 2400 1341 2433 maximum
1366 2400 1432 2433 lia·

72 2457 202 2492 beatur
226 2459 321 2502 quod
335 2459 380 2492 de
396 2459 516 2504 gloria
532 2459 772 2493 Aeacidarum
793 2459 969 2494 immensa
988 2460 1184 2504 praemisit,
1208 2461 1293 2494 huic
1311 2464 1432 2494 autem

72 2519 235 2554 subiecta
257 2521 455 2564 sequentia.
503 2521 669 2563 Similes,
695 2520 765 2562 ait,
788 2520 890 2553 Aiaci
915 2521 1106 2556 Telamoni
1128 2523 1212 2557 dato
1237 2521 1433 2565 Lamponis

73 2580 144 2615 filii
164 2585 245 2616 sunt
267 2580 422 2626 propitio
447 2585 482 2615 et
506 2580 576 2625 ipsi
598 2582 743 2615 numine
768 2582 842 2615 dati
863 2582 1040 2626 rebusque
1063 2584 1175 2629 gestis
1197 2585 1376 2618 excellunt
1394 2586 1434 2617 ut

74 2639 167 2674 Aiax
188 2643 225 2675 et
246 2642 401 2676 Telamo
414 2668 425 2684 ‚
449 2646 489 2676 ut
510 2644 707 2677 maximam
731 2644 889 2689 gloriam
912 2645 1087 2689 augurari
1108 2645 1217 2679 liceat
1241 2645 1434 2689 olympica

76 2701 231 2738 victorin
251 2704 520 2749 reportandam.
545 2725 589 2730 —
613 2705 671 2740 01.
695 2706 758 2740 IX.
781 2706 1014 2750 Epharmosti
1036 2706 1183 2750 Opuntii
1205 2705 1345 2742 canitur
1367 2703 1433 2742 ἄν·
