1751 2986
289 147 380 175 XXIV

291 240 376 284 δρία
400 238 605 283 singularis,
652 240 756 273 Haec
775 239 811 272 in
832 238 995 283 mythica
1020 244 1121 284 parte
1139 244 1331 275 revocatur
1349 240 1395 273 ad
1415 240 1569 274 Laorum
1590 251 1648 274 ro-

291 301 380 342 bur,
411 311 432 334 a
465 301 593 344 quibus
617 301 856 334 descendebat
879 301 1159 344 Epharmostus,
1195 305 1229 335 et
1252 302 1299 335 ad
1321 302 1481 336 Patrocli
1505 301 1652 346 Opuntii

289 361 572 401 similitudinem,
598 362 635 394 h.
661 373 693 394 e.
719 372 790 393 uno
814 362 927 394 verbo
952 362 998 395 ad
1021 362 1221 406 mythicam
1241 362 1440 396 Locrorum
1464 367 1651 407 praestan-

289 423 389 457 tiam.
437 423 509 457 Sed
533 433 604 454 non
627 426 811 455 contentus
834 423 891 455 his
919 426 1025 466 poeta
1048 423 1156 456 etiam
1178 424 1346 456 Herculis
1370 424 1541 457 divinitus
1565 423 1652 457 insi-

290 489 365 518 tam
390 484 464 517 vim
487 487 671 517 monstrat.
720 485 821 527 Quae
846 496 903 516 res
928 483 1057 516 iterum
1074 484 1310 529 intelligenda
1331 484 1382 517 sic
1400 490 1471 527 est,
1494 489 1534 518 ut
1559 486 1651 519 alte-

290 558 372 579 rum
390 545 493 579 alteri
509 545 710 578 subiectum
726 546 925 584 habeatur-3
951 556 1034 578 nam
1050 556 1159 588 quum
1179 546 1340 578 divinum
1357 547 1524 580 Herculis
1541 547 1652 579 robur

290 607 482 640 manifesto
507 617 686 639 summum
712 609 916 650 exemplum
936 606 1168 649 Epharmosti
1191 606 1258 648 sit,
1284 608 1536 651 comprobatur
1557 608 1652 640 haec

291 670 372 703 laus
395 669 430 702 in
455 668 686 712 sequentibus
710 669 849 713 origine
870 667 1043 701 Locrensi
1066 667 1156 709 viri,
1180 669 1274 711 apud
1299 680 1386 711 quos
1409 669 1567 714 viguerit
1591 679 1651 702 ro-
1683 715 1691 719 ἦ

289 731 389 764 boris
411 730 468 763 vis
492 730 675 764 illustrior.
723 730 868 762 Revera
892 730 1001 774 igitur
1026 729 1146 761 omnia
1172 730 1217 761 ad
1234 731 1516 772 Epharmostum
1540 729 1652 774 perti-

290 796 394 833 nent,
429 791 529 824 cuius
553 793 631 824 laus
655 790 791 834 primus
813 791 943 823 harum
960 802 1081 823 rerum
1098 789 1200 829 finis3
1226 794 1345 824 tamen
1362 791 1469 824 etiam
1485 802 1555 824 non
1574 801 1652 824 mo-

288 854 382 887 nitus
406 853 524 895 sentis,
549 863 655 895 quam
680 851 803 894 pulcre
816 851 991 884 Pindarus
1016 852 1141 884 eadem
1166 851 1369 885 inventione
1392 852 1501 886 simul
1525 853 1653 885 urbem

290 915 492 954 ornaverit,
526 913 561 946 in
593 912 692 945 cuius
724 912 844 955 aliquo
870 913 1015 956 publico
1041 914 1121 946 loco
1155 925 1300 947 neccsse
1326 918 1379 946 est
1401 918 1583 947 cantatum
1606 914 1653 947 sit

289 986 445 1008 carmen.
493 974 672 1007 Nimirum
696 974 788 1006 haec
813 980 866 1007 est
891 976 1081 1017 praeclara
1106 985 1165 1007 ars
1190 979 1318 1018 poetae
1342 974 1526 1018 Thebani,
1557 975 1652 1018 quod

289 1041 412 1070 tenens
428 1036 561 1080 ubique
577 1036 689 1069 finem
706 1036 930 1079 primarium,
948 1036 1041 1068 unde
1058 1036 1174 1068 unitas
1193 1035 1360 1069 carminis
1377 1036 1547 1079 cuiusque
1564 1048 1652 1080 pen-

289 1098 359 1139 det,
385 1098 493 1130 simul
516 1101 636 1130 tamen
663 1098 772 1131 etiam
796 1101 916 1130 cetera
940 1097 1061 1129 omnia
1087 1101 1246 1140 praestat
1271 1099 1418 1141 optime,
1445 1109 1536 1141 quae
1560 1102 1652 1131 tem-

287 1171 355 1203 pus
378 1160 549 1202 locusque
575 1160 814 1202 postulabant.
863 1158 1000 1192 Similis
1023 1159 1115 1192 ratio
1140 1159 1242 1192 Nem.
1260 1160 1335 1201 111„
1361 1159 1423 1192 ubi
1449 1170 1557 1202 quum
1569 1159 1652 1192 Ari-

287 1221 456 1254 stoclides
480 1220 656 1264 Aegineta
681 1233 746 1264 per
764 1225 836 1254 tres
853 1220 950 1253 vitae
966 1224 1102 1254 aetates
1117 1221 1280 1254 victoriis
1297 1221 1532 1264 excellffisset,
1556 1221 1651 1254 Aea-

287 1282 451 1315 cidarum
474 1282 610 1315 fabulis
635 1282 762 1315 eadem
784 1282 975 1315 exhibetur
992 1293 1057 1325 per
1077 1286 1147 1315 tres
1165 1286 1300 1316 aetates
1317 1281 1445 1326 vigens
1463 1281 1588 1324 virtus,
1613 1285 1653 1314 ut

286 1344 520 1377 fundamenta
551 1342 794 1387 praestantiae
819 1343 1008 1375 videamus
1039 1342 1074 1375 in
1105 1343 1242 1377 victore
1266 1343 1480 1386 conspicuae
1504 1343 1652 1386 eiusque

286 1405 444 1439 maxime
469 1404 654 1449 propriam
678 1403 835 1436 idealem
858 1403 1068 1448 imaginem.
1115 1405 1218 1438 Talis
1238 1409 1360 1438 autem
1381 1415 1491 1447 quum
1508 1403 1553 1437 sit
1569 1403 1651 1437 Ari-

285 1468 476 1507 stoclides,
514 1465 683 1500 Herculis
716 1466 900 1498 columnas
925 1464 1044 1509 attigit
1068 1468 1102 1498 et
1124 1466 1295 1500 Herculis
1318 1466 1408 1498 adeo
1434 1465 1591 1510 gloriam
1614 1465 1650 1498 in

286 1532 445 1562 mentem
477 1528 581 1560 nobis
613 1530 782 1566 revocat,
815 1525 876 1569 qui
909 1531 1088 1559 extremos
1121 1527 1213 1559 fines
1236 1526 1478 1571 navigationis
1501 1527 1648 1560 invenit.

285 1589 449 1632 Denique
473 1589 545 1622 hoc
568 1589 649 1621 loco
674 1587 949 1620 memorandum
971 1587 1074 1620 Nem.
1095 1587 1164 1625 lv„
1189 1587 1252 1620 ubi
1276 1588 1507 1621 Timasarchi
1529 1587 1651 1622 virtuti

286 1651 442 1684 lenimen
467 1650 740 1694 praemiumque
764 1649 929 1681 laborum
954 1652 988 1681 et
1013 1660 1104 1682 nunc
1125 1649 1284 1682 carmine
1300 1654 1406 1693 parat
1422 1650 1506 1683 etin
1529 1654 1650 1693 poste-

285 1724 366 1746 rum
383 1714 581 1756 auguratur
607 1709 704 1743 aliud
723 1709 850 1742 maius.
883 1710 935 1742 Ac
960 1710 1115 1753 primum
1139 1711 1348 1744 Telamonis
1373 1723 1430 1745 res
1456 1724 1538 1745 cum
1555 1712 1651 1745 Her—

286 1776 366 1807 cule
391 1778 516 1818 gestae
542 1776 807 1815 comparantur,
845 1772 988 1815 quinon
1006 1772 1082 1805 sine
1101 1773 1203 1806 clade
1223 1776 1496 1816 prostraverunt
1512 1773 1650 1817 Gigan-

284 1839 372 1878 tem,
405 1840 444 1868 ut
467 1834 728 1868 Timasarchus
753 1832 881 1866 attritis
904 1833 1076 1866 membris
1100 1833 1206 1873 vicit3
1239 1833 1274 1866 in
1307 1833 1379 1866 fine
1404 1838 1524 1867 autem
1549 1833 1651 1868 Pelei

287 1897 442 1938 fortuna,
468 1897 525 1941 qui
542 1899 622 1940 post
634 1907 691 1928 res
707 1896 856 1940 egregie
873 1897 993 1939 gestas
1016 1895 1125 1928 etiam
1142 1895 1348 1940 coniugium
1367 1894 1650 1937 pulcherrimum

285 1959 367 1993 tulit
377 1959 583 2000 Thetidem‚
592 1961 630 1991 ut
642 1957 912 1998 Timasarcbus‚
925 1957 1231 2000 quemadmodum
1250 1968 1342 1989 nunc
1361 1955 1488 2000 lignani
1502 1956 1650 1989 laudem

285 2025 365 2064 post
385 2020 538 2054 recentis
552 2030 695 2064 pugnae
708 2019 854 2052 labores
871 2019 1006 2052 habeat
1022 2018 1288 2061 mercatricem,
1307 2016 1550 2062 pulcherrima
1562 2028 1651 2050 con-

285 2083 484 2116 tinuatione
508 2080 706 2114 sententiae
730 2081 802 2114 alio
826 2085 989 2125 tempore
1008 2084 1088 2124 post
1112 2081 1186 2114 alia
1208 2080 1307 2113 facta
1324 2079 1375 2113 uti
1392 2080 1524 2113 Peleus
1547 2089 1650 2112 amo—

282 2143 332 2176 ris
371 2149 406 2177 et
439 2142 598 2187 coniugii
629 2143 765 2187 gaudia
789 2143 929 2176 dicatur
951 2143 1153 2176 habiturus.
1199 2142 1360 2185 Denique
1385 2153 1495 2185 quum
1519 2132 1672 2174 fundass

284 2208 447 2238 mentum
471 2206 604 2238 horum
627 2204 786 2237 omnium
808 2204 915 2238 insita
940 2208 975 2247 et
998 2204 1118 2238 innata
1134 2205 1178 2238 ab
1199 2204 1337 2249 origine
1355 2203 1470 2238 virtus
1489 2203 1545 2243 sit,
1571 2213 1650 2236 me-

284 2266 345 2299 dia
378 2266 469 2300 inter
501 2270 727 2310 praesentem
759 2270 793 2299 et
823 2266 981 2300 futuram
1005 2267 1148 2300 laudem
1172 2266 1287 2311 gentis
1312 2265 1483 2299 illustrior
1507 2264 1649 2308 ponitur

287 2327 429 2372 image,
454 2328 694 2361 Aeacidarum
719 2328 836 2373 gentis
861 2328 1126 2372 comparatione
1154 2338 1336 2371 expressa,
1363 2331 1519 2359 ceterum
1539 2326 1649 2359 etiam

284 2400 442 2433 pompae
469 2393 566 2433 apta,
592 2390 626 2422 in
652 2401 723 2433 qua
748 2391 885 2424 canitur
910 2401 1066 2433 carmen.
1114 2390 1220 2423 Vides
1245 2390 1290 2422 ab
1317 2388 1413 2421 omni
1442 2392 1543 2431 parte
1567 2399 1650 2431 per-

285 2451 421 2484 fectam
445 2451 617 2484 unitatem
641 2463 762 2484 rerum
787 2451 970 2496 ingenioso
996 2452 1161 2484 acumine
1187 2455 1314 2494 poetae
1339 2449 1537 2490 inventam,
1562 2460 1650 2493 qua-

285 2510 336 2545 lia
359 2522 428 2544 non
450 2511 620 2555 perficias
644 2513 835 2551 διδακταῖς
860 2511 1020 2558 ἄρεταῒς.
1045 2531 1089 2537 -
1113 2514 1185 2547 Sed
1210 2523 1321 2557 pergo
1347 2513 1392 2545 ad
1417 2511 1544 2545 aliud
1568 2522 1650 2545 car—

284 2572 422 2606 minum
446 2584 571 2618 genus,
596 2574 658 2607 ubi
683 2575 846 2618 pluribus
872 2586 962 2618 quae
988 2575 1105 2609 insunt
1133 2574 1266 2607 fabulis
1291 2575 1361 2607 duo
1387 2574 1550 2618 opposita
1573 2585 1650 2608 πα-

283 2634 511 2678 ραδείγματα
536 2634 764 2678 exhibentur,
789 2638 943 2670 alterum
970 2632 1113 2680 ἀρετῆς,
1137 2637 1290 2669 alterum
1315 2636 1456 2675 κακίας.
1491 2636 1598 2680 Pyth.
1619 2634 1650 2669 1.

283 2694 445 2737 primum
470 2694 635 2729 videmus
668 2697 705 2731 in
730 2697 888 2742 olympo
912 2697 1008 2731 Iovis
1031 2696 1258 2732 maiestatem
1290 2701 1325 2732 et
1349 2696 1526 2731 ferociam
1548 2697 1649 2732 Mar-
