1751 2986
290 104 370 133 xcn

290 200 392 232 νεῖον
421 194 574 243 ὕστερον
607 195 845 240 ἀπετελέσθη.
899 198 946 231 Et
970 199 1079 231 aedes
1103 202 1138 231 et
1168 201 1331 241 posteros
1353 198 1554 231 incolumes
1576 207 1654 231 ser-

289 269 394 292 vasse
426 270 470 292 ex
500 259 574 298 fide
605 258 780 292 historiae
812 259 1003 292 confirmat
1033 259 1229 292 Arrhianus
1260 258 1397 302 Exped.
1431 258 1532 292 Alex.
1555 259 1594 299 Ι,
1619 257 1652 291 9.

289 320 342 353 De
358 320 538 354 Pausania
559 320 736 353 fabellam
755 319 836 352 inde
854 320 1043 353 confictam
1057 320 1186 353 merito
1204 319 1357 363 explosit
1371 319 1654 353 Boeckhius.

289 381 404 413 Aedes
437 379 584 413 Pindari
615 383 831 425 prytaneum
864 381 1078 415 Thebarum
1108 381 1224 414 factas
1258 391 1335 413 esse
1369 384 1561 425 propterea
1585 392 1654 414 non

291 441 463 474 credibile
497 440 617 474 visum
653 446 705 475 est
737 442 1050 484 Schneidero,
1091 442 1185 485 quod
1219 442 1421 476 Pausanias
1460 453 1522 476 eas
1554 445 1656 476 extra

290 503 415 535 urbem
447 502 534 535 sitas
558 507 697 544 narret,
732 507 908 548 prytanea
938 508 1059 538 autem
1088 504 1126 537 in
1148 503 1279 537 mediis
1301 504 1450 537 urbibus
1474 506 1656 537 exstruere

291 563 557 597 consuevissent
585 564 729 598 Graeci.
794 566 991 599 Pausanias
1030 565 1168 599 nonnisi
1209 563 1352 611 ἐρείπια
1383 564 1505 604 οἰκίας
1546 564 1654 598 vidit:

290 636 379 671 ergo
403 625 518 659 verba
541 626 603 659 dat
624 626 810 660 Himerius
835 627 934 662 Orat.
959 627 1088 669 XVIII,
1113 627 1144 660 3.
1172 639 1212 671 p.
1236 626 1324 660 71⁰:
1365 626 1428 665 Τίς
1452 625 1504 665 εἰς
1529 624 1657 670 Θήβας

289 683 516 731 ἀφικόμενος
539 684 612 733 πρὸ
639 687 704 731 τῆς
730 687 850 727 οἰκίας
874 689 938 734 τῆς
964 687 1157 733 Πινδάρου
1185 687 1252 722 τὸν
1277 685 1380 722 οἷκον
1407 687 1656 732 Τιμαγενίδου

290 748 353 783 καὶ
377 749 451 783 τῶν
476 747 595 783 ἄλλων
619 750 803 784 πλουσίων
835 748 873 784 ἐν
900 749 1043 796 Θήβαις
1068 750 1161 785 [δεῖν
1190 749 1380 794 ,ἕζήτησενς
1439 750 1655 793 Quanquam

291 822 464 854 quaerere
488 811 632 845 licebat.

380 872 557 906 Pindarus
587 873 804 918 Pindarique
841 875 1002 908 carmina
1034 878 1166 919 quanta
1200 873 1234 907 in
1275 873 1525 907 aestimatione
1558 873 1656 917 apud

289 933 463 978 plurimos
492 935 646 989 populos
671 935 847 970 Graeciae
871 936 1022 978 fuerint,
1048 938 1161 970 multa
1194 940 1408 981 argumento
1433 938 1524 968 sunt.
1571 935 1656 969 vel-

289 995 342 1029 uti
369 996 452 1036 Cei,
486 997 546 1039 qui
568 997 830 1042 Bacchylidem
854 999 1032 1033 haberent
1054 999 1152 1032 domi
1178 1017 1219 1022 —
1244 1009 1327 1032 nam
1351 997 1555 1031 Simonides
1579 999 1656 1030 tum

288 1055 363 1089 iam
396 1056 599 1091 decesserat
629 1079 673 1083 —
713 1063 835 1093 tamen
866 1060 1022 1094 Pindaro
1061 1061 1179 1105 potius
1223 1069 1362 1104 paeana
1404 1049 1656 1102 prosodiacum

289 1118 572 1159 mandaverant3
603 1131 638 1153 v.
664 1121 793 1154 Isthm.
816 1122 844 1155 Ι.
870 1122 966 1164 init.,
992 1123 1086 1166 quod
1111 1134 1255 1156 carmen
1280 1122 1425 1165 Olymp.
1451 1120 1595 1161 LXXX,
1620 1118 1655 1152 3.

290 1179 526 1223 probabiliter
560 1181 754 1225 assignant.
816 1185 953 1218 Rhodii
975 1195 1127 1218 aureum
1153 1195 1298 1217 carmen
1323 1182 1554 1226 Olympicum
1578 1181 1654 1215 VII.

289 1240 409 1274 aureis
432 1241 546 1274 literis
568 1245 805 1288 perscriptum
838 1246 872 1278 in
898 1247 1032 1289 templo
1056 1245 1244 1278 Minervae
1269 1244 1438 1285 Lindiae,
1477 1242 1656 1277 communi

290 1302 440 1335 delubro
457 1302 606 1346 insulae,
629 1311 863 1349 reposuerant
881 1307 1043 1350 publice3
1069 1307 1141 1340 vid.
1162 1307 1288 1350 Gorgo
1307 1304 1498 1339 historicus
1517 1305 1656 1339 Schou.

289 1365 379 1398 Vett.
402 1364 564 1408 Inscript.
589 1366 646 1400 Ol.
673 1368 748 1400 vll.
774 1379 797 1411 p
835 1368 912 1401 157.
958 1369 1130 1403 Aleuadis
1153 1367 1341 1402 Thessalis
1366 1377 1475 1410 quam
1506 1367 1656 1410 placue-

290 1425 349 1469 rit,
373 1428 433 1460 vel
457 1438 600 1460 carmen
623 1429 729 1472 Pyth.
746 1430 788 1462 X.
814 1433 974 1463 testatur.
1022 1431 1114 1464 Fere
1139 1431 1284 1475 Olymp.
1309 1429 1467 1471 LXXVI,
1488 1427 1522 1461 4.
1548 1430 1656 1472 poeta

292 1488 458 1522 Hieronis
486 1490 707 1533 Syracusani
730 1491 896 1533 precibus
922 1491 1027 1525 cessit
1044 1495 1079 1524 et
1104 1492 1149 1524 ad
1173 1495 1364 1535 tyrannum
1390 1489 1655 1535 commigravit,

292 1550 351 1594 qui
375 1550 461 1583 olim
487 1551 600 1584 Musis
623 1551 790 1585 inimicus
814 1558 895 1596 post
923 1553 1125 1587 diuturnum
1150 1554 1317 1586 morbum
1343 1553 1529 1597 mitigatus
1554 1563 1655 1585 com-

290 1612 427 1646 mercia
466 1616 659 1656 poetarum
692 1617 800 1656 atque
839 1613 1038 1657 sapientum
1075 1613 1304 1658 cupidissime
1340 1614 1534 1647 ambiebat.
1595 1612 1654 1647 Si-

289 1675 473 1708 monidem
496 1674 572 1708 iam
606 1678 712 1708 antea
744 1686 826 1719 spes
850 1686 1039 1708 munerum
1070 1675 1108 1708 in
1131 1675 1296 1709 Siciliam
1327 1678 1519 1709 allexerat:
1552 1675 1654 1709 tarde

291 1737 553 1781 obtemperavit
595 1737 789 1779 Pindarus,
834 1737 1012 1781 siquidem
1058 1741 1148 1771 teste
1186 1738 1375 1771 Eustathio
1414 1737 1471 1770 26.
1522 1750 1556 1781 p.
1591 1736 1653 1771 17:

290 1798 393 1845 παρὰ
416 1797 550 1845 Ἱέρωνι
573 1799 625 1844 τῷ
648 1799 938 1845 Συῤῥακουσίων
961 1799 1132 1844 τυράννῳ
1158 1795 1270 1843 ἄμφω
1296 1798 1476 1843 ἐγένοντο,
1506 1796 1657 1843 οῗποδη-

289 1860 473 1906 μήσαντες
503 1860 644 1906 δηλαδὴ
680 1858 768 1895 καθ’
792 1860 940 1906 ἑτέρους
971 1861 1034 1896 καὶ
1060 1859 1170 1896 αὐτοὶ
1202 1860 1344 1906 σοφοὺς
1368 1861 1418 1901 εἰς
1441 1859 1510 1905 τὴν
1539 1863 1656 1895 Σικε-

290 1923 384 1957 λίαν.
431 1922 507 1957 Καὶ
539 1922 612 1967 μὴν
645 1923 738 1969 πρὸς
768 1923 808 1958 τὸ
844 1923 1041 1969 ἱστορηθὲν
1075 1925 1188 1958 τοῦτο
1214 1923 1461 1969 διαφέρεσθαι
1485 1923 1590 1957 δοκεῖ
1609 1918 1651 1957 τὰ

289 1983 592 2031 περιφερόμενον.
648 1984 801 2029 Λέγεται
825 1985 915 2032 γὰρ,
948 1983 1005 2021 ὅτι
1038 1987 1227 2032 Πίνδαρος
1266 1984 1487 2032 ἐρωτηθείς,
1521 1983 1584 2019 διὰ
1618 1984 1656 2018 τί

291 2048 503 2091 Σιμωνίδης
535 2045 602 2091 μὲν
631 2047 726 2093 πρὸς
759 2047 847 2087 τοὺς
877 2046 1085 2094 τυράννους
1116 2046 1351 2093 ἀπεδήμησεν
1386 2047 1437 2088 εἰς
1469 2046 1655 2091 Σικελίαν,

291 2107 405 2149 αὐτὸς
428 2107 468 2143 δὲ
501 2104 569 2143 ov’n
602 2108 741 2151 ἐθέλει,
773 2109 863 2155 ἔφη·
898 2109 1038 2145 Διότι
1070 2108 1310 2156 βούλομαι
1343 2108 1525 2155 ἐμαυτῷ
1560 2109 1654 2154 ζῆν,

292 2169 373 2206 οὐκ
406 2169 536 2216 ἄλλῳ.
593 2171 647 2205 Cf.
673 2172 769 2205 Vrat.
799 2185 834 2216 p.
861 2171 917 2205 10.
952 2176 988 2206 et
1012 2173 1186 2217 Prolegg.
1213 2171 1302 2205 Sim.
1330 2171 1394 2205 cei
1429 2184 1463 2215 p.
1488 2172 1566 2205 XX.
1613 2171 1655 2204 In

289 2233 415 2269 Sicilia
440 2233 611 2266 Chromio
633 2234 791 2267 Aetnaeo
815 2234 958 2278 scripsit
980 2234 1083 2269 Nem.
1108 2235 1135 2268 Ι.
1171 2234 1316 2279 Olymp.
1341 2233 1507 2277 LXXVI,
1531 2231 1583 2274 4.‚
1615 2234 1656 2266 ut

290 2297 443 2330 videtur.
508 2295 608 2328 Anno
642 2299 722 2339 post
759 2296 905 2341 Olymp.
939 2298 966 2330 Ι.
998 2297 1142 2341 scripsit
1172 2297 1324 2330 Hieroni
1366 2298 1479 2329 celete
1515 2294 1653 2337 victori,

291 2358 437 2402 Olymp.
453 2357 533 2390 XII.
558 2357 724 2402 Ergoteli
744 2359 953 2400 Himeraeo,
978 2358 1081 2393 Nem.
1101 2359 1162 2391 IX.
1190 2357 1371 2391 Chromio.
1417 2357 1488 2390 Sed
1507 2356 1653 2401 Olymp.

290 2419 484 2458 LXXVIII,
501 2418 533 2450 1.
565 2419 721 2463 Agesiae
740 2419 957 2464 Syracusani
975 2419 1163 2453 victoriam
1185 2419 1414 2463 Olympicam
1435 2419 1580 2463 Olymp.
1594 2418 1651 2453 vl.

290 2481 431 2517 Thebis
464 2481 607 2514 videtur
640 2481 828 2523 cecinisse,
871 2485 911 2515 ut
951 2481 1091 2515 circiter
1124 2485 1278 2525 quatuor
1318 2492 1428 2515 annos
1461 2481 1653 2526 Syracusis

289 2543 452 2579 haesisse
475 2543 648 2577 videatur.
681 2543 825 2586 Diutius
847 2554 916 2577 non
941 2544 1108 2578 toleravit
1132 2555 1259 2578 auram
1285 2543 1454 2577 aulicam.
1500 2542 1654 2577 Exorie-

290 2607 422 2641 bantur
451 2604 552 2639 rixae
586 2608 621 2639 et
644 2604 795 2639 discidia
817 2605 908 2640 inter
932 2604 1072 2652 ἄνδρας
1096 2605 1194 2651 ἀμφὶ
1222 2605 1330 2651 θαμὰ
1353 2604 1538 2651 τράπεζαν
1561 2605 1653 2639 παί-

292 2670 444 2712 ζοντας,
475 2679 520 2703 ex
552 2666 682 2712 quibus
705 2667 900 2704 Simonidis
929 2673 1074 2715 compta
1103 2680 1245 2704 morum
1277 2679 1553 2712 sermonumque
1577 2668 1653 2702 ele-
