1794 2982
603 114 843 154 ΝΕΜΕΑ
889 114 965 155 VI.
1035 130 1037 133 ¹
1383 119 1463 157 199

126 231 211 275 (15)
234 219 394 278 ἴχνεσιν
426 218 471 264 ἐν
493 218 858 280 Πραξιδάμαντος
889 218 961 267 ἑὸν
980 219 1098 268 πόδα
1118 221 1258 282 νέμων
1291 221 1381 270 Ἑπ.
1405 224 1456 269 α’.

235 284 570 347 πατροπάτορος
603 285 825 347 ὁμαιιιιου.

232 357 375 409 κεῖνος
407 371 490 413 γαρ
524 351 861 413 Ὀλυμπιόνικος
895 352 976 400 ἐών
1010 355 1237 414 Αἰακίδαις
1412 368 1456 400 30

133 425 197 468 20
231 419 353 478 ἔρνεα
386 435 561 480 πρωτος
597 421 782 484 [ἐλαίας]
820 419 894 467 εἶπ’
926 420 1129 482 Ἀλφεοῦ,

230 487 304 533 καὶ
337 486 540 543 πεντάκις
573 485 743 549 Ἰσθμοῖ
772 488 1174 550 στεφανωσάμενος,

124 564 206 605 (20)
234 554 382 617 Νεμέᾳ
417 554 602 614 δετρίς,

230 620 392 667 ἔπαυσε
427 621 574 668 λάθαν
1409 635 1453 667 35

229 689 471 744 Σωκλείδα,
507 686 558 745 ὃς
591 686 835 749 ὑπέρτατος

129 757 192 801 25
226 752 495 819 Ἁγησιμάχῳ
529 755 661 801 υἱέων
691 757 850 816 γένετο.

1256 859 1360 915 Στρ.
1397 855 1448 916 β’.

223 919 312 966 ἐπεὶ
342 922 385 968 οἱ
413 926 527 1005 τρεῖς
558 919 839 980 ἀεθλοφόροι
871 922 986 982 πρὸς
1017 940 1155 982 ακρον
1187 920 1343 981 α’ρετᾶς

113 995 196 1037 (95)
222 979 380 1049 ἦλθον,
409 991 496 1035 οῖ’τε
514 988 662 1035 πόνων
684 987 931 1050 ἐγεύσαντο.
954 989 1042 1037 σὺν
1058 993 1175 1036 θεοῦ
1198 991 1244 1035 δε
1260 989 1372 1052 τύχα
1406 1000 1449 1032 40

221 1055 366 1114 ε’τερον
384 1054 445 1103 οὔ
464 1075 560 1102 τινα
578 1052 701 1101 οἶκον
721 1054 979 1117 α’πεφάνατο
1000 1057 1222 1118 πυγιιαχία
1254 1056 1388 1102 πλεόι
1391 1074 1452 1102 ων

220 1123 378 1182 ταμίαν
410 1123 637 1185 στεφάνων
670 1127 797 1188 μυχῷ
826 1122 1042 1182 Ἑλλάδος
1076 1123 1262 1181 ἁπάσας.
1320 1124 1449 1169 ἔλπο-

695 1243 702 1252 ,
756 1209 833 1249 μαι
1405 1201 1448 1234 45

122 1258 185 1302 30
219 1255 329 1317 μέγα
363 1254 500 1302 εἰπών
534 1260 710 1302 σκοποῦ
744 1255 851 1304 ἄντα
885 1263 1029 1319 τυχεῖν

110 1353 198 1385 .20.
225 1353 332 1387 Abest
356 1353 509 1398 [ἐλαίας]
537 1373 576 1379 -
600 1367 631 1388 ν.
657 1357 712 1389 25.
739 1353 959 1400 Ἀγησιμάχω

130 1409 163 1431 v.
189 1399 286 1433 29—
297 1401 353 1434 33.
445 1413 487 1442 με
492 1413 538 1443 γα
564 1401 620 1435 εἰ-

395 1445 477 1478 πών
501 1445 611 1502 τύχεν
635 1459 729 1480 αντα
753 1446 907 1480 σκοποῦ.

399 1485 460 1524 ὦτ’
486 1489 561 1524 oin&
586 1490 698 1533 τόξου
724 1491 794 1525 ἱεῖ-

399 1531 431 1570 σ’
455 1532 573 1570 ευθὺν
597 1535 656 1570 ἐπὶ
681 1537 816 1570 τοῦτον
842 1533 919 1579 ἄγε,

399 1577 525 1622 Μοῖσ’,
550 1593 662 1626 ουρον
687 1581 803 1616 ἐπέων
826 1581 889 1617 ἐϋ-

397 1624 496 1660 κλέα
529 1626 809 1673 παροιχομένων

170 1705 287 1739 v..20
333 1706 445 1740 Abest
481 1718 502 1740 a
536 1707 640 1741 libris
673 1706 808 1747 ἐλαίας.
866 1709 1027 1743 Coniecit
1062 1709 1268 1742 Boeckhius
1301 1710 1347 1742 ad
1382 1720 1442 1742 ex-

80 1717 251 1795 piendum
274 1762 430 1794 versum,
457 1752 518 1795 qui
541 1753 649 1787 etiam
674 1753 709 1786 in
734 1754 861 1787 ceteris
885 1755 1008 1798 epodis
1025 1760 1212 1798 corruptus
1237 1759 1300 1788 est.
1327 1755 1444 1798 [Kay-

81 1807 182 1830 serus
207 1797 310 1830 malit
333 1796 499 1838 ἐνεγκων.
549 1799 652 1831 SCH.
660 1798 672 1839 Ῑ

229 1841 286 1875 ‘’5-
337 1842 522 1884 [Dativum
548 1854 591 1876 ex
607 1844 697 1876 Aldo
718 1844 816 1877 duxit
834 1844 1040 1877 Boeckhius
1055 1846 1135 1878 loco
1155 1844 1318 1889 genitivi,
1344 1844 1444 1877 cuius

79 1886 200 1920 forma
223 1898 295 1921 non
317 1887 520 1921 Pindarico.
568 1889 673 1922 SCH.
682 1889 690 1927 1

169 1943 202 1966 v.
228 1932 283 1966 28.
311 1933 494 1977 [πλεόνων
517 1945 561 1966 ex
581 1933 736 1966 scholiis
761 1934 897 1976 primus
923 1933 1058 1966 addidit
1076 1933 1294 1987 SchmidiuS.
1320 1932 1441 1976 SCH.]

168 1988 204 2010 v.
229 1976 329 2011 29-
338 1978 394 2013 33.
441 1979 581 2022 Vulgo:
609 1946 782 2020 ἔλπομαιΡ
787 1978 879 2020 μέγα
905 1979 1019 2032 εἰπών
1041 1977 1150 2020 τύχεν
1171 1975 1267 2011 ἄντα
1286 1988 1440 2035 σκοπου.

79 2016 142 2056 ὦτ’
165 2019 240 2056 ἀπὸ
266 2021 378 2064 τόξου
406 2021 484 2056 ἱεῖσ’
510 2005 629 2057 εὐθὺν
655 2022 714 2057 ἐπὶ
740 2025 875 2056 τοῦτον
899 2021 984 2065 ἄγε,
1014 2021 1140 2065 Μοῖσζ
1176 2023 1289 2068 ου’ρον
1325 2021 1442 2057 ἐπέων

78 2066 220 2102 ἐϋκλέα.
267 2068 307 2100 In
331 2068 513 2122 prioribus
535 2067 643 2110 τύχεν
667 2066 761 2101 ἄντα
785 2069 928 2102 σκοποῦ
963 2080 1030 2101 non
1057 2073 1220 2102 constant
1226 2058 1312 2102 sibi
1337 2068 1443 2109 libri;

78 2112 144 2146 alii
167 2112 263 2145 enim
284 2113 420 2146 habent
444 2109 539 2146 ἄντα
563 2115 705 2147 σκοποῦ
730 2116 870 2156 τυχεῖν,
900 2114 980 2157 [alii
1004 2118 1126 2156 τυχεῖν
1150 2127 1244 2148 αντα
1269 2114 1443 2157 σκοποῦ],

78 2157 146 2191 alii
161 2154 256 2190 ἄντα
273 2168 413 2191 σκοπου
433 2169 472 2191 τε
492 2161 626 2200 τυχεῖν
650 2159 686 2191 ἰη
705 2159 860 2192 Scholiis
884 2159 1060 2202 reperitur
1078 2160 1186 2193 etiam
1203 2156 1250 2192 ἂν
1266 2162 1441 2202 τετυχεῖν

78 2202 184 2245 Quod
216 2214 308 2235 nunc
340 2203 376 2236 in
412 2206 511 2236 textu
551 2203 685 2247 legitur
714 2203 892 2236 Bocckhii
932 2204 1160 2238 coniecerunt
1190 2206 1443 2249 Mingarellu8‚

78 2247 528 2292 Heynius‚}1ermannus
575 2249 662 2281 Mox
686 2249 851 2293 Heynius
876 2249 940 2288 ἱείς
965 2250 1000 2292 [a
1025 2251 1182 2283 Scholiis
1206 2251 1442 2294 explicatum]

76 2294 207 2337 probat
231 2293 340 2326 etiam
364 2304 386 2326 a
405 2292 592 2326 Schmidio
617 2295 780 2336 allatum,
805 2299 840 2327 et
864 2294 1147 2337 interpunctione
1163 2296 1344 2350 utendum,
1359 2307 1442 2328 cen-

77 2341 132 2372 set
154 2342 234 2382 post
264 2339 336 2371 hoc
359 2339 602 2391 participium.
663 2340 749 2372 Mox
771 2321 982 2372 ’Schmidius
1016 2341 1109 2373 bene
1134 2340 1285 2374 coniecit
1310 2353 1349 2374 ευ
1336 2337 1440 2374 Ἠθυν

76 2382 138 2418 ἐπὶ
167 2395 325 2426 τουτον,
356 2388 396 2417 ut
431 2382 606 2417 εὐθύνειν
642 2385 753 2426 οὐρον
786 2384 943 2417 vidimus
975 2385 1251 2428 01.Χ111,27.
1313 2387 1442 2419 Cetera

76 2429 296 2472 transposuit
329 2428 556 2471 Boeckhius‚
588 2429 760 2463 audacius
783 2440 888 2469 sane;
918 2430 981 2462 sed
1009 2431 1160 2464 difficile
1191 2431 1238 2464 sit
1267 2432 1441 2465 leniorem

76 2473 293 2507 medicinam
325 2474 496 2508 invenire.
546 2456 624 2508 'Pro
658 2474 785 2508 ἐϋκλέα
809 2476 1035 2508 Hermannus
1071 2474 1209 2516 εὕκίῆα
1242 2476 1440 2520 proposuit.

78 2519 286 2571 [Leniorem
308 2519 527 2552 medicinam
552 2521 775 2573 excogitavit
795 2520 1033 2553 amicissimus
1055 2522 1214 2562 Ahrens,
1241 2521 1298 2564 qui
1324 2522 1358 2554 in
1383 2533 1441 2554 re—

78 2563 185 2607 liquis
215 2565 410 2598 verborum
445 2564 609 2598 ordinem
641 2576 663 2598 a
694 2565 795 2599 libris
828 2569 863 2599 et
894 2566 1051 2600 Scholiis
1085 2567 1257 2600 traditum
1285 2566 1443 2600 fideliter

79 2612 221 2652 servat,
253 2609 433 2643 Boeckhii
464 2607 610 2644 εὖκλεῖα
644 2612 706 2645 vel
729 2611 876 2644 dialecti
911 2611 1052 2645 nomine
1076 2623 1144 2644 non
1167 2611 1355 2644 ferendum
1378 2622 1442 2645 ex-

80 2654 191 2698 pulit,
214 2654 407 2743 quo-sfacttlv
430 2666 496 2698 pro
521 2657 801 2702 παοοιχομένων
824 2657 996 2700 scriptum
1021 2657 1212 2701 oportebat
1235 2658 1329 2700 quod
1352 2656 1442 2690 scri-

82 2699 221 2742 psimus
309 2700 371 2732 CH
