1751 2986
1401 181 1497 210 xmu

137 272 307 318 Argivus,
329 271 390 316 qui
407 274 484 306 erat
506 271 628 314 heros,
643 271 837 317 Sicyonem
855 271 1006 309 venerit.
1028 272 1081 306 Ac
1098 283 1208 317 quum
1227 274 1339 318 vulgo
1359 273 1396 308 in
1414 286 1498 309 nar-

136 334 335 368 rationibus
357 335 552 368 secundum
568 337 771 378 temporum
797 333 957 367 ordinem
980 333 1214 378 disponantur
1228 346 1299 377 res,
1321 336 1392 369 hoc
1411 338 1498 372 arti-

136 394 221 429 ficio
246 397 371 440 pulcre
394 395 581 430 invertitur
602 406 711 439 saepe
734 395 794 429 hie
819 396 919 429 ordo.
967 395 1136 441 Vulgaris
1164 396 1258 430 enim
1283 397 1374 431 ratio
1399 402 1496 433 erat:

137 457 208 500 Qui
230 457 328 491 bello
353 457 516 491 intestino
533 459 656 501 pulsus
677 457 774 503 fugit
791 457 906 502 Argos
931 461 966 491 et
989 469 1096 501 quum
1115 458 1308 502 Sicyonem
1331 460 1499 504 venisset,

136 516 189 551 ibi
210 530 274 552 rex
297 518 582 558 factusxornavit
606 520 745 553 urbem.
776 519 897 564 Pergo
923 520 969 552 ad
984 519 1069 552 alia.
1101 520 1283 563 Imprimis
1307 532 1419 556 suave
1443 527 1498 557 to-

135 582 213 613 tum
235 580 319 622 hoc,
344 580 388 614 de
413 591 481 624 quo
505 582 652 624 loquor,
683 580 894 622 artificium,
928 580 988 613 ubi
1016 581 1110 623 quod
1134 593 1200 625 per
1224 583 1499 626 explicationem

135 641 427 678 antecedentibus
455 642 644 675 subiicitur
675 641 784 675 simul
808 642 983 675 eiusmodi
1007 646 1078 683 est,
1113 647 1150 676 ut
1183 643 1264 677 inde
1295 645 1412 679 denuo
1435 658 1499 680 ne-

136 706 274 736 ctantur
296 703 382 736 alia.
431 703 491 736 Sic
509 703 565 736 01.
586 703 649 743 xl,
664 701 710 734 42
727 714 823 745 seqq.
842 706 1031 745 postquam
1049 703 1220 737 indicavit
1241 705 1498 742 dimensionem

135 767 171 798 et
194 763 424 807 partitionem
440 763 632 807 Olympiae
657 764 703 796 ab
722 764 879 796 Hercule
898 762 1045 804 factam,
1070 775 1113 796 ne
1132 775 1298 807 quaeras,
1317 769 1497 809 quomodo

134 835 191 858 res
216 835 259 858 ex
283 824 489 867 antiquitate
513 829 658 858 servata
682 826 738 865 sit,
764 828 955 866 antequam
980 829 1129 867 pergat,
1167 836 1231 868 pro
1257 827 1497 869 explicatione

133 886 279 920 subiicit
305 886 442 920 Parcas
467 885 636 927 adfuisse,
662 887 782 919 onmia
806 896 898 928 quae
923 885 1116 926 sanxerint,
1141 890 1175 919 et
1198 890 1338 930 tempus
1360 899 1499 923 memo-

133 948 227 982 riam
249 948 304 982 rei
327 951 639 988 conservaturum,
664 951 738 980 tum
763 947 798 979 in
824 946 923 979 viam
946 946 1088 979 rediens
1112 947 1193 980 inde
1217 949 1377 982 suaviter
1399 950 1500 984 nexis

133 1009 308 1053 proximis
329 1013 462 1051 narrat,
488 1009 570 1052 quid
591 1019 697 1053 porro
718 1008 907 1041 tradiderit
931 1012 1071 1051 tempus
1089 1012 1167 1042 tum
1191 1008 1237 1041 ab
1259 1010 1418 1044 Hercule
1440 1011 1497 1044 in-

132 1070 305 1104 stitutum.
341 1070 398 1104 Ol.
414 1070 512 1113 XIII,
526 1069 571 1104 64
587 1082 683 1114 seqq.
708 1075 899 1114 postquam
922 1069 1009 1104 dixit
1032 1071 1185 1104 multum
1208 1071 1393 1106 laborasse
1411 1074 1498 1108 Bel-

131 1132 384 1176 lerophontem
407 1132 444 1166 in
469 1132 612 1175 Pegaso
638 1131 829 1172 domando,
858 1137 1053 1175 antequam
1077 1143 1099 1165 a
1126 1131 1291 1166 Minerva
1317 1134 1438 1168 datum
1461 1135 1497 1169 in

131 1203 257 1227 somno
280 1192 424 1227 frenum
446 1193 613 1234 haberet,
638 1192 886 1236 explicationis
911 1204 1022 1226 causa
1039 1193 1182 1227 subiicit
1206 1195 1250 1227 de
1267 1195 1409 1239 Polyidi
1428 1197 1498 1229 sci-

131 1254 218 1289 licet
239 1255 377 1289 monitu
402 1255 554 1288 heroem
579 1254 614 1287 in
631 1255 766 1297 templo
791 1255 966 1297 cubuisse,
993 1267 1099 1298 quein
1117 1266 1208 1287 nunc
1225 1256 1415 1290 certiorem
1439 1258 1497 1292 fa-

132 1315 230 1349 ciens
255 1317 300 1350 de
324 1320 454 1350 eventu
477 1316 585 1348 heros
608 1315 716 1348 simul
741 1316 901 1356 docetur,
938 1316 1022 1358 quid
1047 1316 1081 1348 ei
1098 1315 1305 1350 faciendum
1329 1318 1385 1351 sit.
1424 1320 1497 1354 Sed

132 1376 287 1410 nobilior
310 1377 347 1411 in
370 1377 441 1410 hoc
467 1388 600 1421 genere
624 1377 727 1409 locus
751 1381 804 1410 est
824 1377 881 1410 01.
900 1377 928 1418 1,
946 1376 992 1410 25
1010 1388 1107 1420 seqq.
1155 1377 1210 1410 lbi
1234 1378 1391 1420 primum
1414 1390 1498 1413 nar-

131 1441 190 1473 rat
210 1438 384 1482 Pelopem
408 1448 430 1471 a
446 1438 610 1481 Neptuno
635 1441 807 1479 amatum,
832 1450 873 1470 ex
898 1450 966 1481 quo
987 1439 1117 1472 Clotho
1143 1450 1226 1471 eum
1250 1445 1330 1482 post
1353 1446 1496 1484 partum

131 1509 152 1532 e
176 1498 276 1543 pelvi
298 1499 492 1539 sustulerit,
515 1498 643 1532 deinde
661 1511 771 1542 quum
789 1501 902 1544 vulgo
923 1500 1000 1533 alia
1020 1499 1179 1534 narratio
1200 1500 1408 1544 haberetur,
1433 1514 1497 1536 ex-

129 1559 269 1603 plicans
294 1563 330 1593 et
353 1559 568 1593 confirmans
593 1561 687 1604 quod
712 1566 899 1604 posuerat,
925 1560 1157 1594 iustissimum
1181 1561 1276 1594 enim
1301 1563 1348 1596 ad
1373 1564 1496 1598 convi-

129 1620 231 1655 vium
255 1620 305 1655 ait
328 1621 414 1654 deos
442 1632 465 1655 a
484 1623 640 1656 Tantalo
666 1627 813 1656 vocatos
837 1621 958 1665 ibique
985 1626 1127 1665 raptum
1152 1623 1336 1667 Pelopem,
1361 1625 1498 1659 coctio·-

129 1694 213 1716 nem
239 1694 325 1717 vero
350 1684 396 1717 ab
421 1683 551 1717 invidis
575 1684 842 1728 excogitatam3
867 1694 970 1726 quae,
995 1688 1188 1726 antequam
1214 1684 1360 1727 diceret,
1385 1687 1497 1720 etiam

128 1744 298 1788 propiore
329 1754 424 1778 nova
451 1746 1012 1795 praeparationepraeparavit,
1046 1746 1090 1778 de
1114 1746 1310 1780 mendaciis
1334 1749 1495 1793 loquens,

129 1804 259 1848 quibus
283 1805 420 1866 passim
443 1805 591 1840 fabulae
615 1811 815 1850 corruptae.
863 1807 997 1851 Lyrica
1022 1818 1081 1840 ars
1106 1808 1175 1840 hoe
1200 1808 1288 1853 agit,
1312 1813 1361 1851 ut,
1386 1821 1494 1853 quam

130 1866 191 1900 diu
214 1866 435 1913 possitffieri,
459 1878 632 1911 suspensa
654 1871 817 1901 teneatur
832 1868 1073 1911 exspectati03
1099 1868 1235 1902 inverte
1255 1871 1416 1905 ordinem
1440 1874 1496 1905 lo-

129 1939 271 1971 corum,
294 1929 418 1963 laxam
441 1929 596 1963 habebis
621 1929 928 1974 compositionem,
963 1941 1032 1963 non
1057 1931 1278 1964 adstrictam.
1326 1933 1494 1968 Ceterum

129 1989 174 2023 de
198 1990 269 2024 hoe
300 1991 381 2024 loco
415 1991 526 2024 etiam
557 1991 594 2025 in
619 1991 886 2025 Commentario
916 1990 1010 2032 «lixi,
1046 1991 1108 2023 ubi
1131 1993 1305 2025 lectorem
1330 1994 1377 2026 ad
1399 1995 1494 2028 hanc

127 2050 425 2085 Dissertationem
452 2052 627 2097 relegavi.
684 2053 800 2097 Vulgo
833 2056 990 2085 statuunt
1020 2052 1091 2086 viri
1123 2053 1218 2086 docti
1252 2055 1407 2097 primum
1431 2057 1494 2090 hic

126 2111 325 2146 Pindarum
349 2113 396 2145 ab
421 2113 503 2146 aliis
527 2124 720 2157 perperam
742 2113 876 2146 tradita
901 2113 1081 2156 posuisse,
1117 2114 1245 2147 deinde
1271 2126 1337 2149 sua
1360 2117 1494 2151 substi-

127 2173 240 2207 tuisse
255 2173 420 2214 meliora,
440 2174 535 2216 quod
549 2178 668 2207 tamen
688 2186 860 2218 nusquam
878 2175 930 2208 ita
947 2175 1085 2209 factum
1101 2176 1147 2209 ab
1168 2187 1210 2209 eo
1230 2177 1384 2220 reperio,
1410 2179 1495 2222 quia

128 2245 199 2268 non
227 2234 348 2279 lyrica
371 2239 463 2268 esset
485 2236 578 2269 haec
603 2236 807 2280 dispositio,
837 2237 901 2270 sed
925 2236 1082 2280 primum
1105 2238 1205 2281 ponit
1228 2238 1282 2280 id,
1316 2240 1411 2283 quod
1434 2251 1493 2273 res

129 2299 196 2338 est,
218 2299 295 2330 tum
319 2296 478 2340 explicat
501 2300 537 2330 et
561 2297 761 2332 confirmat.
809 2300 856 2332 Et
879 2298 940 2331 hie
962 2299 1117 2342 quidem,
1142 2304 1182 2334 ut
1200 2304 1320 2334 cetera
1345 2301 1490 2343 addam,

127 2357 239 2392 etiam
261 2357 353 2394 illud
376 2369 485 2402 porro
508 2358 663 2392 observa
689 2372 709 2393 e
736 2359 933 2403 posteriore
956 2361 1058 2402 loco,
1082 2360 1140 2404 qui
1164 2363 1406 2396 antecedentis
1430 2374 1493 2397 ex-

128 2418 362 2462 plicationem
385 2420 515 2462 habet,
539 2424 578 2453 ut
601 2420 693 2463 disi,
717 2422 870 2455 eundem
894 2421 930 2454 in
950 2422 1098 2455 modum
1120 2427 1246 2466 aptum
1270 2435 1348 2458 esse
1372 2425 1494 2468 proxi-

129 2490 230 2514 mum
247 2481 292 2514 de
306 2482 481 2523 Tanta103
506 2494 617 2526 quum
635 2483 731 2517 enim
749 2483 885 2516 iustum
901 2484 949 2516 ad
965 2483 1172 2518 convivium
1191 2486 1379 2520 vocaverit
1395 2487 1494 2530 deos,

130 2552 239 2585 porro
255 2543 506 2587 explicandum
529 2546 593 2587 est,
618 2555 689 2589 qua
713 2545 787 2579 alia
809 2544 949 2578 ratione
968 2555 1123 2588 poenam
1146 2546 1367 2581 notissimam
1390 2559 1496 2583 suam

130 2603 314 2639 meruerit.
362 2605 410 2639 Ut
432 2605 647 2640 suavissimo
671 2618 765 2640 nexu
789 2608 944 2641 alterum
969 2618 1012 2640 ex
1035 2608 1150 2642 altero
1172 2609 1339 2652 pendeat.
1379 2609 1495 2654 Atque

132 2664 225 2700 haec
247 2665 393 2711 quidem
417 2668 462 2702 de
476 2668 656 2703 hocloco.
689 2669 876 2703 Postremo
895 2668 994 2703 aliud
1013 2668 1150 2705 illustre
1169 2671 1375 2715 exemplum
1397 2671 1494 2706 eius·
