<?xml version="1.0" encoding="UTF-8"?>
<!DOCTYPE html PUBLIC "-//W3C//DTD XHTML 1.0 Transitional//EN"
    "http://www.w3.org/TR/xhtml1/DTD/xhtml1-transitional.dtd">
<html xmlns="http://www.w3.org/1999/xhtml" xml:lang="en" lang="en">
 <head>
  <title>
</title>
<meta http-equiv="Content-Type" content="text/html;charset=utf-8" />
  <meta name='ocr-system' content='tesseract 3.04.00' />
  <meta name='ocr-capabilities' content='ocr_page ocr_carea ocr_par ocr_line ocrx_word'/>
</head>
<body>
  <div class='ocr_page' id='page_1' title='image "./carminaquaesuper01pinduoft_0099.png"; bbox 0 0 1751 2986; ppageno 0'>
   <div class='ocr_carea' id='block_1_1' title="bbox 1352 117 1500 145">
    <p class='ocr_par' dir='ltr' id='par_1_1' title="bbox 1352 117 1500 145">
     <span class='ocr_line' id='line_1_1' title="bbox 1352 117 1500 145; baseline 0.014 -2"><span class='ocrx_word' id='word_1_1' title='bbox 1352 117 1500 145; x_wconf 76' lang='lat' dir='ltr'><strong>Lxxxlu</strong></span> 
     </span>
    </p>
   </div>
   <div class='ocr_carea' id='block_1_2' title="bbox 122 207 1502 2652">
    <p class='ocr_par' dir='ltr' id='par_1_2' title="bbox 132 207 1502 927">
     <span class='ocr_line' id='line_1_2' title="bbox 140 207 1499 255; baseline 0 -11"><span class='ocrx_word' id='word_1_2' title='bbox 140 208 256 244; x_wconf 78' lang='lat' dir='ltr'><strong>tificia</strong></span> <span class='ocrx_word' id='word_1_3' title='bbox 300 208 596 254; x_wconf 69' lang='lat' dir='ltr'><strong>nal-rationesque</strong></span> <span class='ocrx_word' id='word_1_4' title='bbox 641 209 822 255; x_wconf 81' lang='lat' dir='ltr'><strong>mythicas</strong></span> <span class='ocrx_word' id='word_1_5' title='bbox 868 210 1047 244; x_wconf 87' lang='lat' dir='ltr'><strong>interdum</strong></span> <span class='ocrx_word' id='word_1_6' title='bbox 1099 207 1299 252; x_wconf 87' lang='lat' dir='ltr'><strong>explosisse</strong></span> <span class='ocrx_word' id='word_1_7' title='bbox 1344 208 1499 244; x_wconf 84' lang='lat' dir='ltr'><strong>videtur.</strong></span> 
     </span>
     <span class='ocr_line' id='line_1_3' title="bbox 139 270 1500 317; baseline 0.001 -13"><span class='ocrx_word' id='word_1_8' title='bbox 139 271 355 315; x_wconf 74' lang='lat' dir='ltr'><strong>Quanquam</strong></span> <span class='ocrx_word' id='word_1_9' title='bbox 378 283 471 316; x_wconf 86' lang='lat' dir='ltr'><strong>quae</strong></span> <span class='ocrx_word' id='word_1_10' title='bbox 494 271 715 306; x_wconf 78' lang='lat' dir='ltr'><strong>Simonidem</strong></span> <span class='ocrx_word' id='word_1_11' title='bbox 739 276 889 317; x_wconf 83' lang='lat' dir='ltr'><strong>tangere</strong></span> <span class='ocrx_word' id='word_1_12' title='bbox 913 274 1084 306; x_wconf 88' lang='lat' dir='ltr'><strong>annotant</strong></span> <span class='ocrx_word' id='word_1_13' title='bbox 1107 270 1351 313; x_wconf 82' lang='lat' dir='ltr'><strong>scholiastae,</strong></span> <span class='ocrx_word' id='word_1_14' title='bbox 1376 282 1500 305; x_wconf 88' lang='lat' dir='ltr'><strong>eorum</strong></span> 
     </span>
     <span class='ocr_line' id='line_1_4' title="bbox 139 331 1500 378; baseline 0.001 -14"><span class='ocrx_word' id='word_1_15' title='bbox 139 332 312 376; x_wconf 84' lang='lat' dir='ltr'><strong>pleraque</strong></span> <span class='ocrx_word' id='word_1_16' title='bbox 335 333 369 366; x_wconf 92' lang='lat' dir='ltr'><strong>in</strong></span> <span class='ocrx_word' id='word_1_17' title='bbox 394 333 654 378; x_wconf 80' lang='lat' dir='ltr'><strong>Bacchylidem</strong></span> <span class='ocrx_word' id='word_1_18' title='bbox 680 335 798 378; x_wconf 88' lang='lat' dir='ltr'><strong>potius</strong></span> <span class='ocrx_word' id='word_1_19' title='bbox 821 338 915 367; x_wconf 86' lang='lat' dir='ltr'><strong>torta</strong></span> <span class='ocrx_word' id='word_1_20' title='bbox 939 334 1116 367; x_wconf 84' lang='lat' dir='ltr'><strong>videntur.</strong></span> <span class='ocrx_word' id='word_1_21' title='bbox 1171 331 1242 375; x_wconf 85' lang='lat' dir='ltr'><strong>Qui</strong></span> <span class='ocrx_word' id='word_1_22' title='bbox 1265 342 1347 364; x_wconf 90' lang='lat' dir='ltr'><strong>cum</strong></span> <span class='ocrx_word' id='word_1_23' title='bbox 1373 332 1419 365; x_wconf 88' lang='lat' dir='ltr'><strong>ad</strong></span> <span class='ocrx_word' id='word_1_24' title='bbox 1441 332 1500 366; x_wconf 88' lang='lat' dir='ltr'><strong>Si-</strong></span> 
     </span>
     <span class='ocr_line' id='line_1_5' title="bbox 139 392 1502 439; baseline 0.001 -14"><span class='ocrx_word' id='word_1_25' title='bbox 139 392 310 435; x_wconf 87' lang='lat' dir='ltr'><strong>monidis,</strong></span> <span class='ocrx_word' id='word_1_26' title='bbox 351 394 610 439; x_wconf 75' lang='lat' dir='ltr'><strong>consanguinei</strong></span> <span class='ocrx_word' id='word_1_27' title='bbox 640 396 718 436; x_wconf 82' lang='lat' dir='ltr'><strong>sui,</strong></span> <span class='ocrx_word' id='word_1_28' title='bbox 757 395 995 429; x_wconf 86' lang='lat' dir='ltr'><strong>imitationem</strong></span> <span class='ocrx_word' id='word_1_29' title='bbox 1036 394 1137 428; x_wconf 87' lang='lat' dir='ltr'><strong>anxie</strong></span> <span class='ocrx_word' id='word_1_30' title='bbox 1175 404 1254 427; x_wconf 85' lang='lat' dir='ltr'><strong>sese</strong></span> <span class='ocrx_word' id='word_1_31' title='bbox 1295 393 1502 427; x_wconf 88' lang='lat' dir='ltr'><strong>contulisset</strong></span> 
     </span>
     <span class='ocr_line' id='line_1_6' title="bbox 138 452 1501 499; baseline 0.001 -13"><span class='ocrx_word' id='word_1_32' title='bbox 138 452 286 496; x_wconf 87' lang='lat' dir='ltr'><strong>eiusque</strong></span> <span class='ocrx_word' id='word_1_33' title='bbox 308 454 474 499; x_wconf 80' lang='lat' dir='ltr'><strong>vestigiis</strong></span> <span class='ocrx_word' id='word_1_34' title='bbox 493 456 668 490; x_wconf 83' lang='lat' dir='ltr'><strong>insisteret</strong></span> <span class='ocrx_word' id='word_1_35' title='bbox 690 457 968 490; x_wconf 84' lang='lat' dir='ltr'><strong>studiosissime:</strong></span> <span class='ocrx_word' id='word_1_36' title='bbox 994 458 1171 490; x_wconf 84' lang='lat' dir='ltr'><strong>Pindarus</strong></span> <span class='ocrx_word' id='word_1_37' title='bbox 1196 453 1215 489; x_wconf 88' lang='grc' dir='ltr'>ὁ</span> <span class='ocrx_word' id='word_1_38' title='bbox 1241 453 1357 488; x_wconf 77' lang='grc' dir='ltr'><strong><em>πολλοὶ</em></strong></span> <span class='ocrx_word' id='word_1_39' title='bbox 1394 454 1501 494; x_wconf 75' lang='grc' dir='ltr'><em>εἰδώς</em></span> 
     </span>
     <span class='ocr_line' id='line_1_7' title="bbox 137 515 1501 562; baseline 0.001 -15"><span class='ocrx_word' id='word_1_40' title='bbox 137 515 220 559; x_wconf 81' lang='grc' dir='ltr'><strong>φυᾷ</strong></span> <span class='ocrx_word' id='word_1_41' title='bbox 252 525 408 559; x_wconf 81' lang='lat' dir='ltr'><strong>operosa</strong></span> <span class='ocrx_word' id='word_1_42' title='bbox 433 515 665 562; x_wconf 79' lang='lat' dir='ltr'><strong>Bacchylidis</strong></span> <span class='ocrx_word' id='word_1_43' title='bbox 701 519 891 552; x_wconf 84' lang='lat' dir='ltr'><strong>conamina</strong></span> <span class='ocrx_word' id='word_1_44' title='bbox 922 518 1139 561; x_wconf 87' lang='lat' dir='ltr'><strong>contemptui</strong></span> <span class='ocrx_word' id='word_1_45' title='bbox 1174 516 1313 550; x_wconf 89' lang='lat' dir='ltr'><strong>habuit.</strong></span> <span class='ocrx_word' id='word_1_46' title='bbox 1359 516 1501 550; x_wconf 89' lang='lat' dir='ltr'><strong>Utrius-</strong></span> 
     </span>
     <span class='ocr_line' id='line_1_8' title="bbox 137 577 1501 623; baseline 0.002 -15"><span class='ocrx_word' id='word_1_47' title='bbox 137 584 207 619; x_wconf 84' lang='lat' dir='ltr'><strong>que</strong></span> <span class='ocrx_word' id='word_1_48' title='bbox 231 579 362 619; x_wconf 85' lang='lat' dir='ltr'><strong>poetae</strong></span> <span class='ocrx_word' id='word_1_49' title='bbox 386 577 684 612; x_wconf 73' lang='lat' dir='ltr'><strong>obtrectationem</strong></span> <span class='ocrx_word' id='word_1_50' title='bbox 709 584 744 613; x_wconf 91' lang='lat' dir='ltr'><strong>et</strong></span> <span class='ocrx_word' id='word_1_51' title='bbox 768 580 803 613; x_wconf 92' lang='lat' dir='ltr'><strong>in</strong></span> <span class='ocrx_word' id='word_1_52' title='bbox 835 579 970 623; x_wconf 75' lang='lat' dir='ltr'><strong>mythis</strong></span> <span class='ocrx_word' id='word_1_53' title='bbox 995 579 1136 612; x_wconf 84' lang='lat' dir='ltr'><strong>diverso</strong></span> <span class='ocrx_word' id='word_1_54' title='bbox 1160 579 1265 611; x_wconf 89' lang='lat' dir='ltr'><strong>modo</strong></span> <span class='ocrx_word' id='word_1_55' title='bbox 1291 578 1501 622; x_wconf 76' lang='lat' dir='ltr'><strong>usurpandis</strong></span> 
     </span>
     <span class='ocr_line' id='line_1_9' title="bbox 136 635 1501 684; baseline 0.001 -14"><span class='ocrx_word' id='word_1_56' title='bbox 136 638 174 670; x_wconf 80' lang='lat' dir='ltr'><strong>et</strong></span> <span class='ocrx_word' id='word_1_57' title='bbox 195 635 231 670; x_wconf 90' lang='lat' dir='ltr'><strong>in</strong></span> <span class='ocrx_word' id='word_1_58' title='bbox 254 638 435 672; x_wconf 81' lang='lat' dir='ltr'><strong>sententiis</strong></span> <span class='ocrx_word' id='word_1_59' title='bbox 458 641 690 684; x_wconf 84' lang='lat' dir='ltr'><strong>generalibus</strong></span> <span class='ocrx_word' id='word_1_60' title='bbox 714 641 895 674; x_wconf 88' lang='lat' dir='ltr'><strong>diversum</strong></span> <span class='ocrx_word' id='word_1_61' title='bbox 919 641 954 673; x_wconf 93' lang='lat' dir='ltr'><strong>in</strong></span> <span class='ocrx_word' id='word_1_62' title='bbox 978 641 1088 673; x_wconf 89' lang='lat' dir='ltr'><strong>finem</strong></span> <span class='ocrx_word' id='word_1_63' title='bbox 1113 639 1257 672; x_wconf 86' lang='lat' dir='ltr'><strong>directis</strong></span> <span class='ocrx_word' id='word_1_64' title='bbox 1289 650 1501 682; x_wconf 85' lang='lat' dir='ltr'><strong>comparere</strong></span> 
     </span>
     <span class='ocr_line' id='line_1_10' title="bbox 135 697 1498 746; baseline 0.002 -16"><span class='ocrx_word' id='word_1_65' title='bbox 135 697 339 731; x_wconf 83' lang='lat' dir='ltr'><strong>etiamnunc</strong></span> <span class='ocrx_word' id='word_1_66' title='bbox 375 699 412 732; x_wconf 88' lang='lat' dir='ltr'><strong>in</strong></span> <span class='ocrx_word' id='word_1_67' title='bbox 441 701 603 745; x_wconf 89' lang='lat' dir='ltr'><strong>reliquiis</strong></span> <span class='ocrx_word' id='word_1_68' title='bbox 643 703 840 735; x_wconf 86' lang='lat' dir='ltr'><strong>carminum</strong></span> <span class='ocrx_word' id='word_1_69' title='bbox 883 701 1032 746; x_wconf 82' lang='lat' dir='ltr'><strong>egregio</strong></span> <span class='ocrx_word' id='word_1_70' title='bbox 1078 704 1267 733; x_wconf 84' lang='lat' dir='ltr'><strong>exsecutus</strong></span> <span class='ocrx_word' id='word_1_71' title='bbox 1300 704 1353 734; x_wconf 89' lang='lat' dir='ltr'><strong>est</strong></span> <span class='ocrx_word' id='word_1_72' title='bbox 1384 701 1423 733; x_wconf 89' lang='lat' dir='ltr'><strong>C.</strong></span> <span class='ocrx_word' id='word_1_73' title='bbox 1456 701 1498 733; x_wconf 87' lang='lat' dir='ltr'><strong>F.</strong></span> 
     </span>
     <span class='ocr_line' id='line_1_11' title="bbox 134 758 1499 806; baseline 0.001 -14"><span class='ocrx_word' id='word_1_74' title='bbox 134 758 307 793; x_wconf 76' lang='lat' dir='ltr'><strong>Neuius</strong></span> <span class='ocrx_word' id='word_1_75' title='bbox 338 760 515 805; x_wconf 83' lang='lat' dir='ltr'><strong>Bacchyl.</strong></span> <span class='ocrx_word' id='word_1_76' title='bbox 549 762 613 795; x_wconf 88' lang='lat' dir='ltr'><strong>frr.</strong></span> <span class='ocrx_word' id='word_1_77' title='bbox 647 774 683 806; x_wconf 84' lang='lat' dir='ltr'><strong>p.</strong></span> <span class='ocrx_word' id='word_1_78' title='bbox 708 762 730 796; x_wconf 85' lang='lat'><strong>3</strong></span> <span class='ocrx_word' id='word_1_79' title='bbox 753 774 852 805; x_wconf 88' lang='lat' dir='ltr'><strong>seqq.</strong></span> <span class='ocrx_word' id='word_1_80' title='bbox 886 780 929 786; x_wconf 92' lang='lat'>—</span> <span class='ocrx_word' id='word_1_81' title='bbox 964 763 1114 794; x_wconf 81' lang='lat' dir='ltr'><strong>Praeter</strong></span> <span class='ocrx_word' id='word_1_82' title='bbox 1146 762 1213 794; x_wconf 91' lang='lat' dir='ltr'><strong>hos</strong></span> <span class='ocrx_word' id='word_1_83' title='bbox 1246 765 1372 805; x_wconf 86' lang='lat' dir='ltr'><strong>poetas</strong></span> <span class='ocrx_word' id='word_1_84' title='bbox 1404 762 1499 804; x_wconf 89' lang='lat' dir='ltr'><strong>quod</strong></span> 
     </span>
     <span class='ocr_line' id='line_1_12' title="bbox 132 820 1498 867; baseline 0 -13"><span class='ocrx_word' id='word_1_85' title='bbox 132 820 390 865; x_wconf 78' lang='lat' dir='ltr'><strong>Amphimenes</strong></span> <span class='ocrx_word' id='word_1_86' title='bbox 427 822 576 865; x_wconf 84' lang='lat' dir='ltr'><strong>quidam</strong></span> <span class='ocrx_word' id='word_1_87' title='bbox 609 824 705 856; x_wconf 88' lang='lat' dir='ltr'><strong>Cous</strong></span> <span class='ocrx_word' id='word_1_88' title='bbox 747 821 965 865; x_wconf 79' lang='grc' dir='ltr'><strong><em>ἐφιλονείκει</em></strong></span> <span class='ocrx_word' id='word_1_89' title='bbox 998 820 1175 867; x_wconf 76' lang='grc' dir='ltr'><em>Πινδάρῳ</em></span> <span class='ocrx_word' id='word_1_90' title='bbox 1209 826 1358 856; x_wconf 87' lang='lat' dir='ltr'><strong>auctore</strong></span> <span class='ocrx_word' id='word_1_91' title='bbox 1391 823 1498 867; x_wconf 86' lang='lat' dir='ltr'><strong>Diog.</strong></span> 
     </span>
     <span class='ocr_line' id='line_1_13' title="bbox 133 881 1209 927; baseline 0.001 -11"><span class='ocrx_word' id='word_1_92' title='bbox 133 881 253 916; x_wconf 74' lang='lat' dir='ltr'><strong>Laert-</strong></span> <span class='ocrx_word' id='word_1_93' title='bbox 278 883 327 924; x_wconf 86' lang='lat'><strong>11,</strong></span> <span class='ocrx_word' id='word_1_94' title='bbox 351 881 408 925; x_wconf 82' lang='lat'><strong>25,</strong></span> <span class='ocrx_word' id='word_1_95' title='bbox 430 882 507 925; x_wconf 60' lang='lat'><strong>46„</strong></span> <span class='ocrx_word' id='word_1_96' title='bbox 533 883 725 917; x_wconf 84' lang='lat' dir='ltr'><strong>obscurum</strong></span> <span class='ocrx_word' id='word_1_97' title='bbox 751 889 804 917; x_wconf 88' lang='lat' dir='ltr'><strong>est</strong></span> <span class='ocrx_word' id='word_1_98' title='bbox 827 894 997 927; x_wconf 88' lang='lat' dir='ltr'><strong>quorsum</strong></span> <span class='ocrx_word' id='word_1_99' title='bbox 1021 883 1209 926; x_wconf 82' lang='lat' dir='ltr'><strong>pertineat.</strong></span> 
     </span>
    </p>

    <p class='ocr_par' dir='ltr' id='par_1_3' title="bbox 122 944 1497 2652">
     <span class='ocr_line' id='line_1_14' title="bbox 223 944 1496 990; baseline -0.001 -12"><span class='ocrx_word' id='word_1_100' title='bbox 223 945 410 979; x_wconf 87' lang='lat' dir='ltr'><strong>Postremo</strong></span> <span class='ocrx_word' id='word_1_101' title='bbox 443 946 719 990; x_wconf 73' lang='lat' dir='ltr'><strong>Pythagoreum</strong></span> <span class='ocrx_word' id='word_1_102' title='bbox 751 949 929 990; x_wconf 87' lang='lat' dir='ltr'><strong>nuncupat</strong></span> <span class='ocrx_word' id='word_1_103' title='bbox 966 945 1159 979; x_wconf 80' lang='lat' dir='ltr'><strong>Pindarum</strong></span> <span class='ocrx_word' id='word_1_104' title='bbox 1196 946 1363 979; x_wconf 87' lang='lat' dir='ltr'><strong>Clemens</strong></span> <span class='ocrx_word' id='word_1_105' title='bbox 1395 944 1496 978; x_wconf 84' lang='lat' dir='ltr'><strong>Alex.</strong></span> 
     </span>
     <span class='ocr_line' id='line_1_15' title="bbox 131 1004 1497 1052; baseline -0.001 -11"><span class='ocrx_word' id='word_1_106' title='bbox 131 1006 301 1042; x_wconf 75' lang='lat' dir='ltr'><strong>Stromm.</strong></span> <span class='ocrx_word' id='word_1_107' title='bbox 325 1007 367 1052; x_wconf 87' lang='lat' dir='ltr'><strong>V,</strong></span> <span class='ocrx_word' id='word_1_108' title='bbox 391 1006 447 1040; x_wconf 75' lang='lat'><strong>14.</strong></span> <span class='ocrx_word' id='word_1_109' title='bbox 474 1019 509 1051; x_wconf 87' lang='lat' dir='ltr'><strong>p.</strong></span> <span class='ocrx_word' id='word_1_110' title='bbox 530 1006 610 1040; x_wconf 79' lang='lat'><strong>710.</strong></span> <span class='ocrx_word' id='word_1_111' title='bbox 637 1008 791 1040; x_wconf 83' lang='lat' dir='ltr'><strong>Potter.:</strong></span> <span class='ocrx_word' id='word_1_112' title='bbox 825 1005 1116 1051; x_wconf 73' lang='grc' dir='ltr'><strong><em>Μυστικαὶτερον</em></strong></span> <span class='ocrx_word' id='word_1_113' title='bbox 1150 1004 1169 1040; x_wconf 84' lang='grc' dir='ltr'>ὁ</span> <span class='ocrx_word' id='word_1_114' title='bbox 1202 1004 1380 1045; x_wconf 81' lang='grc' dir='ltr'><strong><em>Βοιώτιος</em></strong></span> <span class='ocrx_word' id='word_1_115' title='bbox 1406 1007 1497 1040; x_wconf 85' lang='grc' dir='ltr'><strong><em>Πίν-</em></strong></span> 
     </span>
     <span class='ocr_line' id='line_1_16' title="bbox 133 1065 1496 1116; baseline -0.004 -11"><span class='ocrx_word' id='word_1_116' title='bbox 133 1070 266 1116; x_wconf 77' lang='grc' dir='ltr'><strong><em>δαρος,</em></strong></span> <span class='ocrx_word' id='word_1_117' title='bbox 298 1066 362 1105; x_wconf 73' lang='grc' dir='ltr'><strong>ἅτε</strong></span> <span class='ocrx_word' id='word_1_118' title='bbox 393 1067 654 1113; x_wconf 76' lang='grc' dir='ltr'><strong><em>Πυθαγόρειος</em></strong></span> <span class='ocrx_word' id='word_1_119' title='bbox 688 1066 759 1102; x_wconf 77' lang='grc' dir='ltr'><strong>ὤν·</strong></span> <span class='ocrx_word' id='word_1_120' title='bbox 795 1065 862 1102; x_wconf 71' lang='lat' dir='ltr'><strong>uEu</strong></span> <span class='ocrx_word' id='word_1_121' title='bbox 896 1065 1066 1113; x_wconf 62' lang='grc' dir='ltr'><strong><em>ἀνδρῶν,</em></strong></span> <span class='ocrx_word' id='word_1_122' title='bbox 1096 1066 1138 1102; x_wconf 68' lang='grc' dir='ltr'><strong>ἓν</strong></span> <span class='ocrx_word' id='word_1_123' title='bbox 1162 1067 1265 1101; x_wconf 79' lang='grc' dir='ltr'><strong><em>θεῶν</em></strong></span> <span class='ocrx_word' id='word_1_124' title='bbox 1300 1065 1422 1110; x_wconf 80' lang='grc' dir='ltr'><strong><em>γένος,</em></strong></span> <span class='ocrx_word' id='word_1_125' title='bbox 1458 1067 1496 1101; x_wconf 78' lang='grc' dir='ltr'><strong>ἐκ</strong></span> 
     </span>
     <span class='ocr_line' id='line_1_17' title="bbox 130 1126 1496 1176; baseline -0.004 -10"><span class='ocrx_word' id='word_1_126' title='bbox 130 1131 218 1176; x_wconf 71' lang='grc' dir='ltr'><strong><em>μιᾶς</em></strong></span> <span class='ocrx_word' id='word_1_127' title='bbox 242 1129 282 1166; x_wconf 73' lang='grc' dir='ltr'><strong>δὲ</strong></span> <span class='ocrx_word' id='word_1_128' title='bbox 305 1129 465 1174; x_wconf 76' lang='grc' dir='ltr'><strong><em>πνέομεν</em></strong></span> <span class='ocrx_word' id='word_1_129' title='bbox 488 1126 630 1175; x_wconf 71' lang='grc' dir='ltr'><strong><em>ματρὸς</em></strong></span> <span class='ocrx_word' id='word_1_130' title='bbox 653 1127 766 1173; x_wconf 73' lang='grc' dir='ltr'><em>ἄμφω</em></span> <span class='ocrx_word' id='word_1_131' title='bbox 791 1129 911 1173; x_wconf 84' lang='lat' dir='ltr'><strong>(Nem.</strong></span> <span class='ocrx_word' id='word_1_132' title='bbox 936 1130 994 1171; x_wconf 71' lang='lat' dir='ltr'><strong>vl,</strong></span> <span class='ocrx_word' id='word_1_133' title='bbox 1018 1129 1084 1172; x_wconf 88' lang='lat'>1.)‚</span> <span class='ocrx_word' id='word_1_134' title='bbox 1118 1129 1184 1173; x_wconf 80' lang='grc' dir='ltr'><strong>τῆς</strong></span> <span class='ocrx_word' id='word_1_135' title='bbox 1206 1126 1306 1173; x_wconf 79' lang='grc' dir='ltr'><em>ὕλης,</em></span> <span class='ocrx_word' id='word_1_136' title='bbox 1333 1129 1496 1173; x_wconf 73' lang='grc' dir='ltr'><em>παραδί-</em></span> 
     </span>
     <span class='ocr_line' id='line_1_18' title="bbox 130 1188 1496 1236; baseline 0.001 -14"><span class='ocrx_word' id='word_1_137' title='bbox 130 1188 242 1230; x_wconf 78' lang='grc' dir='ltr'><strong><em>δωσι,</em></strong></span> <span class='ocrx_word' id='word_1_138' title='bbox 277 1189 339 1224; x_wconf 82' lang='grc' dir='ltr'><strong>καὶ</strong></span> <span class='ocrx_word' id='word_1_139' title='bbox 364 1188 430 1226; x_wconf 76' lang='grc' dir='ltr'><strong>ἕνα</strong></span> <span class='ocrx_word' id='word_1_140' title='bbox 451 1189 518 1227; x_wconf 84' lang='grc' dir='ltr'><strong>τὸν</strong></span> <span class='ocrx_word' id='word_1_141' title='bbox 541 1191 686 1226; x_wconf 81' lang='grc' dir='ltr'><strong><em>τούτων</em></strong></span> <span class='ocrx_word' id='word_1_142' title='bbox 712 1191 954 1236; x_wconf 76' lang='grc' dir='ltr'><strong><em>δημιουργόν,</em></strong></span> <span class='ocrx_word' id='word_1_143' title='bbox 989 1188 1032 1225; x_wconf 77' lang='grc' dir='ltr'><strong>ὃν</strong></span> <span class='ocrx_word' id='word_1_144' title='bbox 1067 1189 1329 1235; x_wconf 67' lang='grc' dir='ltr'><strong><em>ἀριστοτέχναν</em></strong></span> <span class='ocrx_word' id='word_1_145' title='bbox 1352 1189 1496 1234; x_wconf 67' lang='grc' dir='ltr'>πατέρα</span> 
     </span>
     <span class='ocr_line' id='line_1_19' title="bbox 129 1248 1496 1298; baseline 0 -13"><span class='ocrx_word' id='word_1_146' title='bbox 129 1248 244 1295; x_wconf 76' lang='grc' dir='ltr'><strong><em>λέγει,</em></strong></span> <span class='ocrx_word' id='word_1_147' title='bbox 277 1250 345 1286; x_wconf 81' lang='grc' dir='ltr'><strong>τὸν</strong></span> <span class='ocrx_word' id='word_1_148' title='bbox 375 1253 438 1288; x_wconf 77' lang='grc' dir='ltr'><strong>καὶ</strong></span> <span class='ocrx_word' id='word_1_149' title='bbox 467 1252 533 1293; x_wconf 79' lang='grc' dir='ltr'><strong>τὰς</strong></span> <span class='ocrx_word' id='word_1_150' title='bbox 564 1250 758 1298; x_wconf 74' lang='grc' dir='ltr'><strong><em>προκοπὰς</em></strong></span> <span class='ocrx_word' id='word_1_151' title='bbox 791 1250 869 1287; x_wconf 84' lang='grc' dir='ltr'><strong>κατ’</strong></span> <span class='ocrx_word' id='word_1_152' title='bbox 908 1251 1017 1294; x_wconf 76' lang='grc' dir='ltr'><strong><em>οἷξίαν</em></strong></span> <span class='ocrx_word' id='word_1_153' title='bbox 1043 1253 1094 1291; x_wconf 75' lang='grc' dir='ltr'><strong>εἰς</strong></span> <span class='ocrx_word' id='word_1_154' title='bbox 1118 1251 1288 1295; x_wconf 79' lang='grc' dir='ltr'><strong><em>θεότητα</em></strong></span> <span class='ocrx_word' id='word_1_155' title='bbox 1312 1263 1496 1297; x_wconf 71' lang='grc' dir='ltr'><em>παρεσχη-</em></span> 
     </span>
     <span class='ocr_line' id='line_1_20' title="bbox 128 1310 1497 1360; baseline -0.001 -13"><span class='ocrx_word' id='word_1_156' title='bbox 128 1310 253 1356; x_wconf 76' lang='grc' dir='ltr'><strong><em>μένον.</em></strong></span> <span class='ocrx_word' id='word_1_157' title='bbox 306 1314 377 1349; x_wconf 78' lang='lat' dir='ltr'><strong>Ani</strong></span> <span class='ocrx_word' id='word_1_158' title='bbox 401 1327 445 1350; x_wconf 89' lang='lat' dir='ltr'><strong>ea</strong></span> <span class='ocrx_word' id='word_1_159' title='bbox 475 1316 700 1360; x_wconf 87' lang='lat' dir='ltr'><strong>potissimum</strong></span> <span class='ocrx_word' id='word_1_160' title='bbox 723 1317 805 1349; x_wconf 84' lang='lat' dir='ltr'><strong>loca</strong></span> <span class='ocrx_word' id='word_1_161' title='bbox 830 1314 997 1355; x_wconf 84' lang='lat' dir='ltr'><strong>Pindari,</strong></span> <span class='ocrx_word' id='word_1_162' title='bbox 1023 1325 1114 1357; x_wconf 85' lang='lat' dir='ltr'><strong>quae</strong></span> <span class='ocrx_word' id='word_1_163' title='bbox 1140 1317 1219 1346; x_wconf 83' lang='lat' dir='ltr'><strong>sunt</strong></span> <span class='ocrx_word' id='word_1_164' title='bbox 1250 1313 1294 1346; x_wconf 88' lang='lat' dir='ltr'><strong>de</strong></span> <span class='ocrx_word' id='word_1_165' title='bbox 1317 1313 1393 1346; x_wconf 84' lang='lat' dir='ltr'><strong>vita</strong></span> <span class='ocrx_word' id='word_1_166' title='bbox 1418 1316 1497 1356; x_wconf 87' lang='lat' dir='ltr'><strong>post</strong></span> 
     </span>
     <span class='ocr_line' id='line_1_21' title="bbox 129 1373 1495 1423; baseline -0.001 -15"><span class='ocrx_word' id='word_1_167' title='bbox 129 1378 284 1409; x_wconf 82' lang='lat' dir='ltr'><strong>mortem</strong></span> <span class='ocrx_word' id='word_1_168' title='bbox 316 1376 457 1418; x_wconf 78' lang='lat' dir='ltr'><strong>futura,</strong></span> <span class='ocrx_word' id='word_1_169' title='bbox 493 1388 515 1411; x_wconf 84' lang='lat' dir='ltr'><strong>a</strong></span> <span class='ocrx_word' id='word_1_170' title='bbox 540 1378 856 1423; x_wconf 81' lang='lat' dir='ltr'><strong>Pythagoreorum</strong></span> <span class='ocrx_word' id='word_1_171' title='bbox 892 1377 1118 1409; x_wconf 90' lang='lat' dir='ltr'><strong>decretorum</strong></span> <span class='ocrx_word' id='word_1_172' title='bbox 1143 1375 1241 1407; x_wconf 87' lang='lat' dir='ltr'><strong>fonte</strong></span> <span class='ocrx_word' id='word_1_173' title='bbox 1266 1373 1411 1406; x_wconf 84' lang='lat' dir='ltr'><strong>fluxisse</strong></span> <span class='ocrx_word' id='word_1_174' title='bbox 1437 1385 1495 1407; x_wconf 82' lang='lat' dir='ltr'><strong>ar·-</strong></span> 
     </span>
     <span class='ocr_line' id='line_1_22' title="bbox 129 1435 1494 1484; baseline -0.001 -15"><span class='ocrx_word' id='word_1_175' title='bbox 129 1435 321 1479; x_wconf 89' lang='lat' dir='ltr'><strong>bitrantur,</strong></span> <span class='ocrx_word' id='word_1_176' title='bbox 356 1438 419 1472; x_wconf 89' lang='lat' dir='ltr'><strong>alii</strong></span> <span class='ocrx_word' id='word_1_177' title='bbox 450 1440 496 1472; x_wconf 81' lang='lat' dir='ltr'><strong>ad</strong></span> <span class='ocrx_word' id='word_1_178' title='bbox 529 1440 718 1484; x_wconf 78' lang='lat' dir='ltr'><strong>mysticam</strong></span> <span class='ocrx_word' id='word_1_179' title='bbox 753 1437 981 1481; x_wconf 84' lang='lat' dir='ltr'><strong>disciplinam</strong></span> <span class='ocrx_word' id='word_1_180' title='bbox 1017 1436 1261 1479; x_wconf 86' lang='lat' dir='ltr'><strong>Orphicorum</strong></span> <span class='ocrx_word' id='word_1_181' title='bbox 1291 1435 1364 1468; x_wconf 89' lang='lat' dir='ltr'><strong>illis</strong></span> <span class='ocrx_word' id='word_1_182' title='bbox 1393 1438 1494 1468; x_wconf 88' lang='lat' dir='ltr'><strong>vetu-</strong></span> 
     </span>
     <span class='ocr_line' id='line_1_23' title="bbox 128 1497 1493 1545; baseline -0.002 -13"><span class='ocrx_word' id='word_1_183' title='bbox 128 1497 275 1532; x_wconf 76' lang='lat' dir='ltr'><strong>stiorem</strong></span> <span class='ocrx_word' id='word_1_184' title='bbox 304 1499 528 1545; x_wconf 84' lang='lat' dir='ltr'><strong>confugiunt.</strong></span> <span class='ocrx_word' id='word_1_185' title='bbox 582 1502 675 1534; x_wconf 90' lang='lat' dir='ltr'><strong>Illud</strong></span> <span class='ocrx_word' id='word_1_186' title='bbox 709 1505 804 1534; x_wconf 85' lang='lat' dir='ltr'><strong>certe</strong></span> <span class='ocrx_word' id='word_1_187' title='bbox 838 1499 1117 1541; x_wconf 86' lang='lat' dir='ltr'><strong>haudquaquam</strong></span> <span class='ocrx_word' id='word_1_188' title='bbox 1143 1508 1232 1541; x_wconf 88' lang='lat' dir='ltr'><strong>opus</strong></span> <span class='ocrx_word' id='word_1_189' title='bbox 1257 1501 1321 1539; x_wconf 85' lang='lat' dir='ltr'><strong>est,</strong></span> <span class='ocrx_word' id='word_1_190' title='bbox 1352 1500 1390 1530; x_wconf 88' lang='lat' dir='ltr'><strong>ut</strong></span> <span class='ocrx_word' id='word_1_191' title='bbox 1421 1500 1493 1530; x_wconf 91' lang='lat' dir='ltr'><strong>sta-</strong></span> 
     </span>
     <span class='ocr_line' id='line_1_24' title="bbox 127 1558 1494 1607; baseline -0.003 -13"><span class='ocrx_word' id='word_1_192' title='bbox 127 1563 272 1595; x_wconf 89' lang='lat' dir='ltr'><strong>tuamus</strong></span> <span class='ocrx_word' id='word_1_193' title='bbox 305 1562 538 1607; x_wconf 73' lang='lat' dir='ltr'><strong>Pythagorae</strong></span> <span class='ocrx_word' id='word_1_194' title='bbox 569 1563 740 1606; x_wconf 80' lang='lat' dir='ltr'><strong>quosdam</strong></span> <span class='ocrx_word' id='word_1_195' title='bbox 774 1562 931 1595; x_wconf 87' lang='lat' dir='ltr'><strong>asseclas</strong></span> <span class='ocrx_word' id='word_1_196' title='bbox 961 1560 1109 1593; x_wconf 83' lang='lat' dir='ltr'><strong>disiecto</strong></span> <span class='ocrx_word' id='word_1_197' title='bbox 1145 1558 1313 1592; x_wconf 85' lang='lat' dir='ltr'><strong>sodalitio</strong></span> <span class='ocrx_word' id='word_1_198' title='bbox 1350 1569 1414 1590; x_wconf 91' lang='lat' dir='ltr'><strong>suo</strong></span> <span class='ocrx_word' id='word_1_199' title='bbox 1450 1569 1494 1591; x_wconf 87' lang='lat' dir='ltr'><strong>ex</strong></span> 
     </span>
     <span class='ocr_line' id='line_1_25' title="bbox 127 1620 1493 1667; baseline -0.003 -12"><span class='ocrx_word' id='word_1_200' title='bbox 127 1621 234 1656; x_wconf 76' lang='lat' dir='ltr'><strong>ltalia</strong></span> <span class='ocrx_word' id='word_1_201' title='bbox 264 1622 443 1667; x_wconf 82' lang='lat' dir='ltr'><strong>profugos</strong></span> <span class='ocrx_word' id='word_1_202' title='bbox 476 1623 593 1657; x_wconf 85' lang='lat' dir='ltr'><strong>adisse</strong></span> <span class='ocrx_word' id='word_1_203' title='bbox 621 1622 831 1665; x_wconf 84' lang='lat' dir='ltr'><strong>Boeotiam,</strong></span> <span class='ocrx_word' id='word_1_204' title='bbox 870 1633 1020 1666; x_wconf 87' lang='lat' dir='ltr'><strong>quorum</strong></span> <span class='ocrx_word' id='word_1_205' title='bbox 1056 1620 1305 1654; x_wconf 85' lang='lat' dir='ltr'><strong>familiaritate</strong></span> <span class='ocrx_word' id='word_1_206' title='bbox 1339 1630 1404 1652; x_wconf 91' lang='lat' dir='ltr'><strong>sua</strong></span> <span class='ocrx_word' id='word_1_207' title='bbox 1428 1620 1493 1652; x_wconf 88' lang='lat' dir='ltr'><strong>do—</strong></span> 
     </span>
     <span class='ocr_line' id='line_1_26' title="bbox 127 1682 1493 1729; baseline -0.003 -11"><span class='ocrx_word' id='word_1_208' title='bbox 127 1686 254 1729; x_wconf 74' lang='lat' dir='ltr'><strong>gmata</strong></span> <span class='ocrx_word' id='word_1_209' title='bbox 277 1684 424 1718; x_wconf 79' lang='lat' dir='ltr'><strong>edoctus</strong></span> <span class='ocrx_word' id='word_1_210' title='bbox 440 1685 487 1718; x_wconf 77' lang='lat' dir='ltr'><strong>sit</strong></span> <span class='ocrx_word' id='word_1_211' title='bbox 511 1685 698 1718; x_wconf 89' lang='lat' dir='ltr'><strong>l’indarus.</strong></span> <span class='ocrx_word' id='word_1_212' title='bbox 755 1683 908 1718; x_wconf 85' lang='lat' dir='ltr'><strong>Omnino</strong></span> <span class='ocrx_word' id='word_1_213' title='bbox 933 1694 1027 1727; x_wconf 87' lang='lat' dir='ltr'><strong>quae</strong></span> <span class='ocrx_word' id='word_1_214' title='bbox 1051 1683 1095 1716; x_wconf 91' lang='lat' dir='ltr'><strong>de</strong></span> <span class='ocrx_word' id='word_1_215' title='bbox 1119 1682 1195 1715; x_wconf 87' lang='lat' dir='ltr'><strong>vita</strong></span> <span class='ocrx_word' id='word_1_216' title='bbox 1219 1682 1408 1714; x_wconf 86' lang='lat' dir='ltr'><strong>beatorum</strong></span> <span class='ocrx_word' id='word_1_217' title='bbox 1434 1692 1493 1714; x_wconf 91' lang='lat' dir='ltr'><strong>ce-</strong></span> 
     </span>
     <span class='ocr_line' id='line_1_27' title="bbox 127 1743 1491 1790; baseline -0.004 -10"><span class='ocrx_word' id='word_1_218' title='bbox 127 1745 213 1780; x_wconf 72' lang='lat' dir='ltr'><strong>cinit</strong></span> <span class='ocrx_word' id='word_1_219' title='bbox 233 1749 342 1790; x_wconf 81' lang='lat' dir='ltr'><strong>poeta</strong></span> <span class='ocrx_word' id='word_1_220' title='bbox 374 1756 439 1780; x_wconf 85' lang='lat' dir='ltr'><strong>nec</strong></span> <span class='ocrx_word' id='word_1_221' title='bbox 462 1746 536 1780; x_wconf 84' lang='lat' dir='ltr'><strong>iam</strong></span> <span class='ocrx_word' id='word_1_222' title='bbox 560 1751 680 1780; x_wconf 84' lang='lat' dir='ltr'><strong>certae</strong></span> <span class='ocrx_word' id='word_1_223' title='bbox 714 1746 898 1780; x_wconf 89' lang='lat' dir='ltr'><strong>cuiusdam</strong></span> <span class='ocrx_word' id='word_1_224' title='bbox 929 1745 1078 1778; x_wconf 85' lang='lat' dir='ltr'><strong>scholae</strong></span> <span class='ocrx_word' id='word_1_225' title='bbox 1111 1743 1414 1787; x_wconf 87' lang='lat' dir='ltr'><strong>philosophorum</strong></span> <span class='ocrx_word' id='word_1_226' title='bbox 1450 1762 1491 1767; x_wconf 96' lang='lat'><strong>—-</strong></span> 
     </span>
     <span class='ocr_line' id='line_1_28' title="bbox 126 1804 1493 1854; baseline -0.004 -12"><span class='ocrx_word' id='word_1_227' title='bbox 126 1818 217 1852; x_wconf 80' lang='lat' dir='ltr'><strong>quos</strong></span> <span class='ocrx_word' id='word_1_228' title='bbox 240 1805 352 1853; x_wconf 71' lang='grc' dir='ltr'><strong><em>οἷτελῆ</em></strong></span> <span class='ocrx_word' id='word_1_229' title='bbox 376 1809 512 1852; x_wconf 82' lang='grc' dir='ltr'><strong><em>σοφίας</em></strong></span> <span class='ocrx_word' id='word_1_230' title='bbox 543 1806 687 1853; x_wconf 78' lang='grc' dir='ltr'><strong><em>καρπὸν</em></strong></span> <span class='ocrx_word' id='word_1_231' title='bbox 714 1806 919 1854; x_wconf 75' lang='grc' dir='ltr'><strong><em>δρέποντας</em></strong></span> <span class='ocrx_word' id='word_1_232' title='bbox 942 1806 1188 1850; x_wconf 70' lang='lat' dir='ltr'><strong>vilipendebat</strong></span> <span class='ocrx_word' id='word_1_233' title='bbox 1211 1823 1256 1830; x_wconf 91' lang='lat'>—</span> <span class='ocrx_word' id='word_1_234' title='bbox 1285 1804 1349 1838; x_wconf 90' lang='lat' dir='ltr'><strong>illa</strong></span> <span class='ocrx_word' id='word_1_235' title='bbox 1374 1807 1493 1837; x_wconf 86' lang='lat' dir='ltr'><strong>aetate</strong></span> 
     </span>
     <span class='ocr_line' id='line_1_29' title="bbox 124 1867 1494 1914; baseline -0.005 -10"><span class='ocrx_word' id='word_1_236' title='bbox 124 1869 274 1914; x_wconf 79' lang='lat' dir='ltr'><strong>propria</strong></span> <span class='ocrx_word' id='word_1_237' title='bbox 297 1873 420 1913; x_wconf 70' lang='lat' dir='ltr'><strong>erant,</strong></span> <span class='ocrx_word' id='word_1_238' title='bbox 450 1870 562 1904; x_wconf 83' lang='lat' dir='ltr'><strong>immo</strong></span> <span class='ocrx_word' id='word_1_239' title='bbox 593 1870 727 1904; x_wconf 89' lang='lat' dir='ltr'><strong>dudum</strong></span> <span class='ocrx_word' id='word_1_240' title='bbox 763 1868 1018 1913; x_wconf 84' lang='lat' dir='ltr'><strong>sapientissimi</strong></span> <span class='ocrx_word' id='word_1_241' title='bbox 1042 1867 1215 1909; x_wconf 87' lang='lat' dir='ltr'><strong>cuiusque</strong></span> <span class='ocrx_word' id='word_1_242' title='bbox 1244 1869 1362 1898; x_wconf 89' lang='lat' dir='ltr'><strong>mente</strong></span> <span class='ocrx_word' id='word_1_243' title='bbox 1386 1867 1494 1898; x_wconf 84' lang='lat' dir='ltr'><strong>volu-</strong></span> 
     </span>
     <span class='ocr_line' id='line_1_30' title="bbox 124 1926 1492 1975; baseline -0.006 -9"><span class='ocrx_word' id='word_1_244' title='bbox 124 1933 217 1973; x_wconf 71' lang='lat' dir='ltr'><strong>tata,</strong></span> <span class='ocrx_word' id='word_1_245' title='bbox 240 1942 307 1965; x_wconf 82' lang='lat' dir='ltr'><strong>nec</strong></span> <span class='ocrx_word' id='word_1_246' title='bbox 328 1931 380 1965; x_wconf 76' lang='lat' dir='ltr'><strong>ita</strong></span> <span class='ocrx_word' id='word_1_247' title='bbox 403 1934 632 1975; x_wconf 80' lang='lat' dir='ltr'><strong>comparata,</strong></span> <span class='ocrx_word' id='word_1_248' title='bbox 666 1934 705 1963; x_wconf 90' lang='lat' dir='ltr'><strong>ut</strong></span> <span class='ocrx_word' id='word_1_249' title='bbox 726 1930 763 1962; x_wconf 86' lang='lat' dir='ltr'><strong>in</strong></span> <span class='ocrx_word' id='word_1_250' title='bbox 786 1941 895 1962; x_wconf 88' lang='lat' dir='ltr'><strong>unam</strong></span> <span class='ocrx_word' id='word_1_251' title='bbox 920 1929 1079 1971; x_wconf 85' lang='lat' dir='ltr'><strong>aliquam</strong></span> <span class='ocrx_word' id='word_1_252' title='bbox 1102 1927 1262 1970; x_wconf 88' lang='lat' dir='ltr'><strong>speciem</strong></span> <span class='ocrx_word' id='word_1_253' title='bbox 1288 1926 1492 1969; x_wconf 87' lang='lat' dir='ltr'><strong>persuasio-</strong></span> 
     </span>
     <span class='ocr_line' id='line_1_31' title="bbox 123 1987 1492 2038; baseline -0.006 -10"><span class='ocrx_word' id='word_1_254' title='bbox 123 1992 181 2026; x_wconf 75' lang='lat' dir='ltr'><strong>nis</strong></span> <span class='ocrx_word' id='word_1_255' title='bbox 200 1993 340 2027; x_wconf 79' lang='lat' dir='ltr'><strong>iurasse</strong></span> <span class='ocrx_word' id='word_1_256' title='bbox 362 1997 507 2038; x_wconf 84' lang='lat' dir='ltr'><strong>poetam</strong></span> <span class='ocrx_word' id='word_1_257' title='bbox 533 1992 644 2025; x_wconf 86' lang='lat' dir='ltr'><strong>dicas.</strong></span> <span class='ocrx_word' id='word_1_258' title='bbox 691 1991 834 2024; x_wconf 89' lang='lat' dir='ltr'><strong>Etenim</strong></span> <span class='ocrx_word' id='word_1_259' title='bbox 859 1990 1046 2034; x_wconf 85' lang='lat' dir='ltr'><strong>opiniones</strong></span> <span class='ocrx_word' id='word_1_260' title='bbox 1073 1999 1155 2021; x_wconf 89' lang='lat' dir='ltr'><strong>suas</strong></span> <span class='ocrx_word' id='word_1_261' title='bbox 1181 1988 1228 2019; x_wconf 87' lang='lat' dir='ltr'><strong>ad</strong></span> <span class='ocrx_word' id='word_1_262' title='bbox 1253 1997 1388 2028; x_wconf 87' lang='lat' dir='ltr'><strong>eorum,</strong></span> <span class='ocrx_word' id='word_1_263' title='bbox 1413 1987 1492 2029; x_wconf 92' lang='lat' dir='ltr'><strong>qui-</strong></span> 
     </span>
     <span class='ocr_line' id='line_1_32' title="bbox 123 2048 1491 2095; baseline -0.008 -6"><span class='ocrx_word' id='word_1_264' title='bbox 123 2053 193 2088; x_wconf 83' lang='lat' dir='ltr'><strong>bus</strong></span> <span class='ocrx_word' id='word_1_265' title='bbox 230 2055 392 2088; x_wconf 82' lang='lat' dir='ltr'><strong>carmina</strong></span> <span class='ocrx_word' id='word_1_266' title='bbox 435 2065 500 2088; x_wconf 89' lang='lat' dir='ltr'><strong>sua</strong></span> <span class='ocrx_word' id='word_1_267' title='bbox 535 2053 755 2093; x_wconf 85' lang='lat' dir='ltr'><strong>destinabat,</strong></span> <span class='ocrx_word' id='word_1_268' title='bbox 797 2051 1021 2095; x_wconf 87' lang='lat' dir='ltr'><strong>opinationes</strong></span> <span class='ocrx_word' id='word_1_269' title='bbox 1062 2048 1305 2093; x_wconf 81' lang='lat' dir='ltr'><strong>religionesve</strong></span> <span class='ocrx_word' id='word_1_270' title='bbox 1345 2058 1491 2080; x_wconf 89' lang='lat' dir='ltr'><strong>accom-</strong></span> 
     </span>
     <span class='ocr_line' id='line_1_33' title="bbox 123 2108 1490 2160; baseline -0.006 -10"><span class='ocrx_word' id='word_1_271' title='bbox 123 2116 297 2150; x_wconf 81' lang='lat' dir='ltr'><strong>modabat</strong></span> <span class='ocrx_word' id='word_1_272' title='bbox 319 2115 557 2160; x_wconf 83' lang='lat' dir='ltr'><strong>singulorum.</strong></span> <span class='ocrx_word' id='word_1_273' title='bbox 605 2115 666 2148; x_wconf 91' lang='lat' dir='ltr'><strong>Sic</strong></span> <span class='ocrx_word' id='word_1_274' title='bbox 689 2113 913 2156; x_wconf 86' lang='lat' dir='ltr'><strong>temporibus</strong></span> <span class='ocrx_word' id='word_1_275' title='bbox 936 2111 1096 2145; x_wconf 73' lang='lat' dir='ltr'><strong>serviens</strong></span> <span class='ocrx_word' id='word_1_276' title='bbox 1119 2110 1164 2143; x_wconf 88' lang='lat' dir='ltr'><strong>fr.</strong></span> <span class='ocrx_word' id='word_1_277' title='bbox 1180 2109 1316 2143; x_wconf 85' lang='lat' dir='ltr'><strong>Thren.</strong></span> <span class='ocrx_word' id='word_1_278' title='bbox 1343 2108 1374 2140; x_wconf 92' lang='grc'><strong>1.</strong></span> <span class='ocrx_word' id='word_1_279' title='bbox 1400 2109 1490 2153; x_wconf 82' lang='lat' dir='ltr'><strong>Ely-</strong></span> 
     </span>
     <span class='ocr_line' id='line_1_34' title="bbox 123 2170 1490 2215; baseline -0.005 -4"><span class='ocrx_word' id='word_1_280' title='bbox 123 2177 169 2212; x_wconf 78' lang='lat' dir='ltr'><strong>sii</strong></span> <span class='ocrx_word' id='word_1_281' title='bbox 200 2176 384 2211; x_wconf 89' lang='lat' dir='ltr'><strong>Homerici</strong></span> <span class='ocrx_word' id='word_1_282' title='bbox 417 2176 634 2210; x_wconf 79' lang='lat' dir='ltr'><strong>suavitatem</strong></span> <span class='ocrx_word' id='word_1_283' title='bbox 667 2176 877 2215; x_wconf 87' lang='lat' dir='ltr'><strong>adumbrat,</strong></span> <span class='ocrx_word' id='word_1_284' title='bbox 916 2173 974 2206; x_wconf 91' lang='lat' dir='ltr'><strong>cui</strong></span> <span class='ocrx_word' id='word_1_285' title='bbox 1013 2172 1057 2205; x_wconf 86' lang='lat' dir='ltr'><strong>fr.</strong></span> <span class='ocrx_word' id='word_1_286' title='bbox 1090 2170 1123 2203; x_wconf 86' lang='lat'><strong>4.</strong></span> <span class='ocrx_word' id='word_1_287' title='bbox 1161 2170 1490 2215; x_wconf 77' lang='lat' dir='ltr'><strong>metempsychosin</strong></span> 
     </span>
     <span class='ocr_line' id='line_1_35' title="bbox 123 2232 1491 2283; baseline -0.006 -10"><span class='ocrx_word' id='word_1_288' title='bbox 123 2238 306 2283; x_wconf 75' lang='lat' dir='ltr'><strong>adiungit3</strong></span> <span class='ocrx_word' id='word_1_289' title='bbox 330 2238 422 2272; x_wconf 90' lang='lat' dir='ltr'><strong>alias</strong></span> <span class='ocrx_word' id='word_1_290' title='bbox 445 2238 541 2271; x_wconf 80' lang='lat' dir='ltr'><strong>vires</strong></span> <span class='ocrx_word' id='word_1_291' title='bbox 571 2237 800 2280; x_wconf 89' lang='lat' dir='ltr'><strong>animumque</strong></span> <span class='ocrx_word' id='word_1_292' title='bbox 823 2246 1013 2278; x_wconf 85' lang='lat' dir='ltr'><strong>moresque</strong></span> <span class='ocrx_word' id='word_1_293' title='bbox 1038 2244 1165 2267; x_wconf 88' lang='lat' dir='ltr'><strong>aureos</strong></span> <span class='ocrx_word' id='word_1_294' title='bbox 1190 2232 1310 2266; x_wconf 87' lang='lat' dir='ltr'><strong>educit</strong></span> <span class='ocrx_word' id='word_1_295' title='bbox 1333 2233 1369 2266; x_wconf 91' lang='lat' dir='ltr'><strong>in</strong></span> <span class='ocrx_word' id='word_1_296' title='bbox 1394 2236 1491 2266; x_wconf 84' lang='lat' dir='ltr'><strong>astra</strong></span> 
     </span>
     <span class='ocr_line' id='line_1_36' title="bbox 122 2293 1489 2347; baseline -0.007 -12"><span class='ocrx_word' id='word_1_297' title='bbox 122 2300 299 2347; x_wconf 79' lang='lat' dir='ltr'><strong>nigroque</strong></span> <span class='ocrx_word' id='word_1_298' title='bbox 330 2300 467 2335; x_wconf 73' lang='lat' dir='ltr'><strong>invidet</strong></span> <span class='ocrx_word' id='word_1_299' title='bbox 498 2299 612 2340; x_wconf 89' lang='lat' dir='ltr'><strong>Orco,</strong></span> <span class='ocrx_word' id='word_1_300' title='bbox 637 2298 728 2331; x_wconf 88' lang='lat' dir='ltr'><strong>alias</strong></span> <span class='ocrx_word' id='word_1_301' title='bbox 760 2296 844 2330; x_wconf 89' lang='lat' dir='ltr'><strong>Orci</strong></span> <span class='ocrx_word' id='word_1_302' title='bbox 877 2296 1044 2329; x_wconf 84' lang='lat' dir='ltr'><strong>tenebras</strong></span> <span class='ocrx_word' id='word_1_303' title='bbox 1077 2306 1146 2328; x_wconf 91' lang='lat' dir='ltr'><strong>non</strong></span> <span class='ocrx_word' id='word_1_304' title='bbox 1170 2294 1306 2328; x_wconf 88' lang='lat' dir='ltr'><strong>invidet</strong></span> <span class='ocrx_word' id='word_1_305' title='bbox 1328 2293 1489 2327; x_wconf 89' lang='lat' dir='ltr'><strong>mortuis.</strong></span> 
     </span>
     <span class='ocr_line' id='line_1_37' title="bbox 123 2356 1490 2400; baseline -0.006 -4"><span class='ocrx_word' id='word_1_306' title='bbox 123 2362 180 2396; x_wconf 79' lang='lat' dir='ltr'><strong>Cf.</strong></span> <span class='ocrx_word' id='word_1_307' title='bbox 206 2362 438 2396; x_wconf 70' lang='lat' dir='ltr'><strong>Welcker.</strong></span> <span class='ocrx_word' id='word_1_308' title='bbox 462 2361 557 2394; x_wconf 86' lang='lat' dir='ltr'><strong>Mus.</strong></span> <span class='ocrx_word' id='word_1_309' title='bbox 576 2361 694 2393; x_wconf 86' lang='lat' dir='ltr'><strong>Rhen.</strong></span> <span class='ocrx_word' id='word_1_310' title='bbox 719 2357 819 2392; x_wconf 83' lang='lat'>1833.</span> <span class='ocrx_word' id='word_1_311' title='bbox 846 2359 889 2391; x_wconf 88' lang='lat'><strong>11.</strong></span> <span class='ocrx_word' id='word_1_312' title='bbox 916 2369 950 2400; x_wconf 87' lang='lat' dir='ltr'><strong>p.</strong></span> <span class='ocrx_word' id='word_1_313' title='bbox 968 2356 1047 2390; x_wconf 81' lang='lat'>121.</span> <span class='ocrx_word' id='word_1_314' title='bbox 1094 2357 1192 2390; x_wconf 84' lang='lat' dir='ltr'><strong>Adeo</strong></span> <span class='ocrx_word' id='word_1_315' title='bbox 1218 2356 1286 2389; x_wconf 91' lang='lat' dir='ltr'><strong>sibi</strong></span> <span class='ocrx_word' id='word_1_316' title='bbox 1311 2367 1378 2389; x_wconf 91' lang='lat' dir='ltr'><strong>non</strong></span> <span class='ocrx_word' id='word_1_317' title='bbox 1404 2367 1490 2388; x_wconf 86' lang='lat' dir='ltr'><strong>con-</strong></span> 
     </span>
     <span class='ocr_line' id='line_1_38' title="bbox 123 2417 1489 2468; baseline -0.007 -10"><span class='ocrx_word' id='word_1_318' title='bbox 123 2426 195 2458; x_wconf 72' lang='lat' dir='ltr'><strong>stat</strong></span> <span class='ocrx_word' id='word_1_319' title='bbox 216 2427 335 2468; x_wconf 81' lang='lat' dir='ltr'><strong>poeta.</strong></span> <span class='ocrx_word' id='word_1_320' title='bbox 390 2422 608 2457; x_wconf 74' lang='lat' dir='ltr'><strong>conferendi</strong></span> <span class='ocrx_word' id='word_1_321' title='bbox 640 2424 720 2454; x_wconf 81' lang='lat' dir='ltr'><strong>sunt</strong></span> <span class='ocrx_word' id='word_1_322' title='bbox 745 2420 802 2464; x_wconf 89' lang='lat' dir='ltr'><strong>qui</strong></span> <span class='ocrx_word' id='word_1_323' title='bbox 826 2420 920 2452; x_wconf 87' lang='lat' dir='ltr'><strong>haec</strong></span> <span class='ocrx_word' id='word_1_324' title='bbox 954 2417 1099 2451; x_wconf 88' lang='lat' dir='ltr'><strong>uberius</strong></span> <span class='ocrx_word' id='word_1_325' title='bbox 1124 2421 1386 2461; x_wconf 87' lang='lat' dir='ltr'><strong>pertractarunt</strong></span> <span class='ocrx_word' id='word_1_326' title='bbox 1408 2417 1489 2450; x_wconf 83' lang='lat' dir='ltr'><strong>Lo-</strong></span> 
     </span>
     <span class='ocr_line' id='line_1_39' title="bbox 122 2478 1487 2531; baseline -0.006 -12"><span class='ocrx_word' id='word_1_327' title='bbox 122 2485 317 2519; x_wconf 62' lang='lat' dir='ltr'><strong>beotius</strong></span> <span class='ocrx_word' id='word_1_328' title='bbox 338 2485 519 2531; x_wconf 82' lang='lat' dir='ltr'><strong>Aglaoph.</strong></span> <span class='ocrx_word' id='word_1_329' title='bbox 537 2495 573 2529; x_wconf 86' lang='lat' dir='ltr'><strong>p.</strong></span> <span class='ocrx_word' id='word_1_330' title='bbox 590 2483 655 2517; x_wconf 75' lang='lat'><strong>801</strong></span> <span class='ocrx_word' id='word_1_331' title='bbox 677 2495 787 2526; x_wconf 56' lang='lat' dir='ltr'><strong>seqq„</strong></span> <span class='ocrx_word' id='word_1_332' title='bbox 809 2482 929 2515; x_wconf 85' lang='lat' dir='ltr'><strong>Bran</strong></span> <span class='ocrx_word' id='word_1_333' title='bbox 943 2480 1022 2513; x_wconf 90' lang='lat' dir='ltr'><strong>dis.</strong></span> <span class='ocrx_word' id='word_1_334' title='bbox 1048 2478 1140 2512; x_wconf 82' lang='lat' dir='ltr'><strong>Hist.</strong></span> <span class='ocrx_word' id='word_1_335' title='bbox 1160 2479 1292 2523; x_wconf 86' lang='lat' dir='ltr'><strong>philos.</strong></span> <span class='ocrx_word' id='word_1_336' title='bbox 1316 2479 1487 2511; x_wconf 85' lang='lat' dir='ltr'><strong>Graecor.</strong></span> 
     </span>
     <span class='ocr_line' id='line_1_40' title="bbox 124 2541 1489 2590; baseline -0.007 -10"><span class='ocrx_word' id='word_1_337' title='bbox 124 2548 160 2580; x_wconf 69' lang='lat' dir='ltr'><strong>et</strong></span> <span class='ocrx_word' id='word_1_338' title='bbox 181 2546 378 2580; x_wconf 69' lang='lat' dir='ltr'><strong>Romanor.</strong></span> <span class='ocrx_word' id='word_1_339' title='bbox 403 2547 431 2580; x_wconf 88' lang='grc' dir='ltr'><strong>Ι.</strong></span> <span class='ocrx_word' id='word_1_340' title='bbox 464 2558 500 2590; x_wconf 85' lang='lat' dir='ltr'><strong>p.</strong></span> <span class='ocrx_word' id='word_1_341' title='bbox 523 2546 570 2580; x_wconf 81' lang='lat'><strong>88</strong></span> <span class='ocrx_word' id='word_1_342' title='bbox 599 2556 698 2590; x_wconf 84' lang='lat' dir='ltr'><strong>seq.‚</strong></span> <span class='ocrx_word' id='word_1_343' title='bbox 736 2544 935 2578; x_wconf 89' lang='lat' dir='ltr'><strong>Preller.</strong></span> <span class='ocrx_word' id='word_1_344' title='bbox 971 2542 1014 2575; x_wconf 89' lang='lat' dir='ltr'><strong>de</strong></span> <span class='ocrx_word' id='word_1_345' title='bbox 1043 2541 1162 2574; x_wconf 88' lang='lat' dir='ltr'><strong>Cerer.</strong></span> <span class='ocrx_word' id='word_1_346' title='bbox 1194 2545 1230 2574; x_wconf 89' lang='lat' dir='ltr'><strong>et</strong></span> <span class='ocrx_word' id='word_1_347' title='bbox 1253 2541 1418 2582; x_wconf 89' lang='lat' dir='ltr'><strong>Proserp.</strong></span> <span class='ocrx_word' id='word_1_348' title='bbox 1454 2551 1489 2583; x_wconf 86' lang='lat' dir='ltr'><strong>p.</strong></span> 
     </span>
     <span class='ocr_line' id='line_1_41' title="bbox 122 2600 1491 2652; baseline -0.007 -10"><span class='ocrx_word' id='word_1_349' title='bbox 122 2606 196 2642; x_wconf 57' lang='grc' dir='ltr'><strong>Ἀθ</strong></span> <span class='ocrx_word' id='word_1_350' title='bbox 213 2616 288 2652; x_wconf 85' lang='lat' dir='ltr'><strong>seq.</strong></span> <span class='ocrx_word' id='word_1_351' title='bbox 312 2611 347 2642; x_wconf 90' lang='lat' dir='ltr'><strong>et</strong></span> <span class='ocrx_word' id='word_1_352' title='bbox 369 2608 626 2642; x_wconf 80' lang='lat' dir='ltr'><strong>Muellerus</strong></span> <span class='ocrx_word' id='word_1_353' title='bbox 651 2608 742 2641; x_wconf 87' lang='lat' dir='ltr'><strong>Hist.</strong></span> <span class='ocrx_word' id='word_1_354' title='bbox 769 2606 854 2639; x_wconf 90' lang='lat' dir='ltr'><strong>Litt.</strong></span> <span class='ocrx_word' id='word_1_355' title='bbox 882 2605 1011 2638; x_wconf 88' lang='lat' dir='ltr'><strong>Graec.</strong></span> <span class='ocrx_word' id='word_1_356' title='bbox 1036 2603 1064 2637; x_wconf 89' lang='lat' dir='ltr'><strong>l.</strong></span> <span class='ocrx_word' id='word_1_357' title='bbox 1089 2614 1125 2646; x_wconf 85' lang='lat' dir='ltr'><strong>p.</strong></span> <span class='ocrx_word' id='word_1_358' title='bbox 1147 2601 1215 2635; x_wconf 84' lang='lat'><strong>413</strong></span> <span class='ocrx_word' id='word_1_359' title='bbox 1240 2613 1338 2645; x_wconf 88' lang='lat' dir='ltr'><strong>seqq.</strong></span> <span class='ocrx_word' id='word_1_360' title='bbox 1379 2600 1491 2634; x_wconf 90' lang='lat' dir='ltr'><strong>Deni-</strong></span> 
     </span>
    </p>
   </div>
   <div class='ocr_carea' id='block_1_3' title="bbox 124 2661 1491 2764">
    <p class='ocr_par' dir='ltr' id='par_1_4' title="bbox 124 2661 1491 2764">
     <span class='ocr_line' id='line_1_42' title="bbox 124 2661 1491 2713; baseline -0.006 -10"><span class='ocrx_word' id='word_1_361' title='bbox 124 2679 193 2713; x_wconf 89' lang='lat' dir='ltr'><strong>que</strong></span> <span class='ocrx_word' id='word_1_362' title='bbox 215 2669 408 2704; x_wconf 82' lang='lat' dir='ltr'><strong>Eleusiniis</strong></span> <span class='ocrx_word' id='word_1_363' title='bbox 437 2669 615 2706; x_wconf 84' lang='lat' dir='ltr'><strong>initiatum</strong></span> <span class='ocrx_word' id='word_1_364' title='bbox 646 2669 760 2704; x_wconf 87' lang='lat' dir='ltr'><strong>fuisse</strong></span> <span class='ocrx_word' id='word_1_365' title='bbox 783 2667 984 2704; x_wconf 84' lang='lat' dir='ltr'><strong>Pindarum</strong></span> <span class='ocrx_word' id='word_1_366' title='bbox 1009 2676 1051 2699; x_wconf 82' lang='lat' dir='ltr'><strong>ex</strong></span> <span class='ocrx_word' id='word_1_367' title='bbox 1074 2665 1295 2707; x_wconf 88' lang='lat' dir='ltr'><strong>istorumque</strong></span> <span class='ocrx_word' id='word_1_368' title='bbox 1328 2661 1491 2697; x_wconf 87' lang='lat' dir='ltr'><strong>doctrina</strong></span> 
     </span>
     <span class='ocr_line' id='line_1_43' title="bbox 1048 2724 1226 2764; baseline -0.011 -13"><span class='ocrx_word' id='word_1_369' title='bbox 1048 2724 1187 2751; x_wconf 52' lang='grc' dir='ltr'><strong>*μμ*</strong></span> <span class='ocrx_word' id='word_1_370' title='bbox 1199 2726 1226 2764; x_wconf 83' lang='lat'>2</span> 
     </span>
    </p>
   </div>
  </div>
 </body>
</html>
