<?xml version="1.0" encoding="UTF-8"?>
<!DOCTYPE html PUBLIC "-//W3C//DTD XHTML 1.0 Transitional//EN"
    "http://www.w3.org/TR/xhtml1/DTD/xhtml1-transitional.dtd">
<html xmlns="http://www.w3.org/1999/xhtml" xml:lang="en" lang="en">
 <head>
  <title>
</title>
<meta http-equiv="Content-Type" content="text/html;charset=utf-8" />
  <meta name='ocr-system' content='tesseract 3.04.00' />
  <meta name='ocr-capabilities' content='ocr_page ocr_carea ocr_par ocr_line ocrx_word'/>
</head>
<body>
  <div class='ocr_page' id='page_1' title='image "./carminaquaesuper01pinduoft_0272.png"; bbox 0 0 1794 2982; ppageno 0'>
   <div class='ocr_carea' id='block_1_1' title="bbox 253 86 1213 136">
    <p class='ocr_par' dir='ltr' id='par_1_1' title="bbox 253 86 1213 136">
     <span class='ocr_line' id='line_1_1' title="bbox 253 86 1213 136; baseline -0.002 -5"><span class='ocrx_word' id='word_1_1' title='bbox 253 90 332 132; x_wconf 66' lang='lat'><strong>14⁰</strong></span> <span class='ocrx_word' id='word_1_2' title='bbox 653 88 1130 130; x_wconf 79' lang='grc' dir='ltr'><em>ΠΤΘΙΟΝΙΚΛΙ</em></span> <span class='ocrx_word' id='word_1_3' title='bbox 1164 86 1213 136; x_wconf 85' lang='grc' dir='ltr'><strong>ς’.</strong></span> 
     </span>
    </p>
   </div>
   <div class='ocr_carea' id='block_1_2' title="bbox 387 193 1611 328">
    <p class='ocr_par' dir='ltr' id='par_1_2' title="bbox 387 193 1611 324">
     <span class='ocr_line' id='line_1_2' title="bbox 387 193 1611 262; baseline 0.002 -19"><span class='ocrx_word' id='word_1_4' title='bbox 387 195 539 262; x_wconf 80' lang='grc' dir='ltr'><em>πάτρω</em></span> <span class='ocrx_word' id='word_1_5' title='bbox 573 193 609 242; x_wconf 82' lang='grc' dir='ltr'><em>τ’</em></span> <span class='ocrx_word' id='word_1_6' title='bbox 641 194 931 256; x_wconf 75' lang='grc' dir='ltr'><strong><em>ἐπερχόμενος</em></strong></span> <span class='ocrx_word' id='word_1_7' title='bbox 961 194 1145 259; x_wconf 77' lang='grc' dir='ltr'><em>αγλαῖαν</em></span> <span class='ocrx_word' id='word_1_8' title='bbox 1177 195 1345 253; x_wconf 72' lang='grc' dir='ltr'><em>ἔδειξεν.</em></span> <span class='ocrx_word' id='word_1_9' title='bbox 1432 201 1538 262; x_wconf 90' lang='grc' dir='ltr'><em>Στρ.</em></span> <span class='ocrx_word' id='word_1_10' title='bbox 1562 198 1611 246; x_wconf 79' lang='grc' dir='ltr'><strong>ς’.</strong></span> 
     </span>
     <span class='ocr_line' id='line_1_3' title="bbox 389 260 937 328; baseline -0.004 -18"><span class='ocrx_word' id='word_1_11' title='bbox 389 263 478 328; x_wconf 84' lang='grc' dir='ltr'><em>νόω</em></span> <span class='ocrx_word' id='word_1_12' title='bbox 514 263 560 309; x_wconf 71' lang='grc' dir='ltr'><strong>δὲ</strong></span> <span class='ocrx_word' id='word_1_13' title='bbox 594 266 797 308; x_wconf 68' lang='lat' dir='ltr'><strong>:Oofivov</strong></span> <span class='ocrx_word' id='word_1_14' title='bbox 830 260 937 324; x_wconf 77' lang='grc' dir='ltr'><em>ἄγει,</em></span> 
     </span>
    </p>
   </div>
   <div class='ocr_carea' id='block_1_3' title="bbox 291 327 1485 798">
    <p class='ocr_par' dir='ltr' id='par_1_3' title="bbox 389 327 1350 458">
     <span class='ocr_line' id='line_1_4' title="bbox 389 327 1350 395; baseline -0.001 -18"><span class='ocrx_word' id='word_1_15' title='bbox 389 329 547 377; x_wconf 78' lang='grc' dir='ltr'><em>ἄδικον</em></span> <span class='ocrx_word' id='word_1_16' title='bbox 581 327 688 376; x_wconf 73' lang='grc' dir='ltr'><em>οὔθ’</em></span> <span class='ocrx_word' id='word_1_17' title='bbox 720 327 979 391; x_wconf 76' lang='grc' dir='ltr'><em>ὑπέροπλον</em></span> <span class='ocrx_word' id='word_1_18' title='bbox 1013 328 1127 395; x_wconf 79' lang='grc' dir='ltr'><em>ἥβαν</em></span> <span class='ocrx_word' id='word_1_19' title='bbox 1163 331 1350 392; x_wconf 79' lang='grc' dir='ltr'>δρέπων,</span> 
     </span>
     <span class='ocr_line' id='line_1_5' title="bbox 389 394 1208 481; baseline 0.003 -38"><span class='ocrx_word' id='word_1_20' title='bbox 389 398 556 458; x_wconf 79' lang='grc' dir='ltr'><em>σοφίαν</em></span> <span class='ocrx_word' id='word_1_21' title='bbox 590 394 630 443; x_wconf 81' lang='grc' dir='ltr'><strong>δ’</strong></span> <span class='ocrx_word' id='word_1_22' title='bbox 664 396 709 443; x_wconf 79' lang='grc' dir='ltr'><em>ἐν</em></span> <span class='ocrx_word' id='word_1_23' title='bbox 744 402 922 481; x_wconf 57' lang='grc' dir='ltr'><em>μυχοῖιξι</em></span> <span class='ocrx_word' id='word_1_24' title='bbox 960 400 1208 460; x_wconf 73' lang='grc' dir='ltr'><em>Πιερίδων·</em></span> 
     </span>
    </p>

    <p class='ocr_par' dir='ltr' id='par_1_4' title="bbox 291 462 1485 798">
     <span class='ocr_line' id='line_1_6' title="bbox 291 462 1485 527; baseline -0.003 -13"><span class='ocrx_word' id='word_1_25' title='bbox 291 470 354 514; x_wconf 84' lang='grc'><strong>50</strong></span> <span class='ocrx_word' id='word_1_26' title='bbox 385 465 453 511; x_wconf 88' lang='grc' dir='ltr'><strong>τίν</strong></span> <span class='ocrx_word' id='word_1_27' title='bbox 485 462 535 522; x_wconf 81' lang='grc' dir='ltr'><strong>τ’,</strong></span> <span class='ocrx_word' id='word_1_28' title='bbox 568 462 847 525; x_wconf 61' lang='grc' dir='ltr'><em>Ἐλέὶιχθον,</em></span> <span class='ocrx_word' id='word_1_29' title='bbox 883 464 1034 527; x_wconf 75' lang='grc' dir='ltr'><em>ὀργαῖς</em></span> <span class='ocrx_word' id='word_1_30' title='bbox 1068 466 1112 524; x_wconf 78' lang='grc' dir='ltr'><strong>ἐς</strong></span> <span class='ocrx_word' id='word_1_31' title='bbox 1147 464 1301 512; x_wconf 80' lang='grc' dir='ltr'><em>ἱππίαν</em></span> <span class='ocrx_word' id='word_1_32' title='bbox 1336 463 1485 520; x_wconf 72' lang='grc' dir='ltr'><em>ἕςοδον</em></span> 
     </span>
     <span class='ocr_line' id='line_1_7' title="bbox 389 529 1424 597; baseline -0.001 -19"><span class='ocrx_word' id='word_1_33' title='bbox 389 530 507 594; x_wconf 82' lang='grc' dir='ltr'><em>μάλα</em></span> <span class='ocrx_word' id='word_1_34' title='bbox 541 529 695 578; x_wconf 68' lang='grc' dir='ltr'><em>ἁδόντι</em></span> <span class='ocrx_word' id='word_1_35' title='bbox 729 530 846 597; x_wconf 82' lang='grc' dir='ltr'><em>νόῳ,</em></span> <span class='ocrx_word' id='word_1_36' title='bbox 884 536 1127 592; x_wconf 76' lang='grc' dir='ltr'><em>Ποσειδᾶν,</em></span> <span class='ocrx_word' id='word_1_37' title='bbox 1161 531 1424 596; x_wconf 80' lang='grc' dir='ltr'><em>προςέχεται.</em></span> 
     </span>
     <span class='ocr_line' id='line_1_8' title="bbox 388 580 808 662; baseline 0 -17"><span class='ocrx_word' id='word_1_38' title='bbox 388 603 569 662; x_wconf 78' lang='grc' dir='ltr'><em>γλυκεῖα</em></span> <span class='ocrx_word' id='word_1_39' title='bbox 602 599 649 646; x_wconf 72' lang='grc' dir='ltr'><strong>δὲ</strong></span> <span class='ocrx_word' id='word_1_40' title='bbox 684 580 808 662; x_wconf 65' lang='grc' dir='ltr'><em>φρὴν</em></span> 
     </span>
     <span class='ocr_line' id='line_1_9' title="bbox 388 664 988 727; baseline 0 -14"><span class='ocrx_word' id='word_1_41' title='bbox 388 668 463 713; x_wconf 73' lang='grc' dir='ltr'><strong>καὶ</strong></span> <span class='ocrx_word' id='word_1_42' title='bbox 497 665 792 726; x_wconf 76' lang='grc' dir='ltr'><em>συμπόταισιν</em></span> <span class='ocrx_word' id='word_1_43' title='bbox 823 664 988 727; x_wconf 76' lang='grc' dir='ltr'><em>ὁμιλεῖν</em></span> 
     </span>
     <span class='ocr_line' id='line_1_10' title="bbox 390 731 1239 798; baseline -0.001 -17"><span class='ocrx_word' id='word_1_44' title='bbox 390 738 603 796; x_wconf 79' lang='grc' dir='ltr'><em>μελισσᾶν</em></span> <span class='ocrx_word' id='word_1_45' title='bbox 638 731 854 795; x_wconf 68' lang='grc' dir='ltr'><em>ἀμείβεται</em></span> <span class='ocrx_word' id='word_1_46' title='bbox 889 732 1050 798; x_wconf 85' lang='grc' dir='ltr'><em>τρητὸν</em></span> <span class='ocrx_word' id='word_1_47' title='bbox 1083 732 1239 782; x_wconf 84' lang='grc' dir='ltr'><em>πόνον.</em></span> 
     </span>
    </p>
   </div>
   <div class='ocr_carea' id='block_1_4' title="bbox 302 861 1459 912">
    <p class='ocr_par' dir='ltr' id='par_1_5' title="bbox 302 861 1459 912">
     <span class='ocr_line' id='line_1_11' title="bbox 302 861 1459 912; baseline 0.002 -14"><span class='ocrx_word' id='word_1_48' title='bbox 302 877 335 901; x_wconf 89' lang='lat' dir='ltr'><strong>v.</strong></span> <span class='ocrx_word' id='word_1_49' title='bbox 360 866 404 899; x_wconf 88' lang='lat'><strong>50</strong></span> <span class='ocrx_word' id='word_1_50' title='bbox 423 877 495 909; x_wconf 87' lang='lat' dir='ltr'><strong>seq.</strong></span> <span class='ocrx_word' id='word_1_51' title='bbox 524 862 652 912; x_wconf 77' lang='grc' dir='ltr'><em>ὀργαῖς</em></span> <span class='ocrx_word' id='word_1_52' title='bbox 677 863 717 906; x_wconf 84' lang='grc' dir='ltr'><strong>ὃς</strong></span> <span class='ocrx_word' id='word_1_53' title='bbox 742 861 847 912; x_wconf 75' lang='grc' dir='ltr'><em>εὗρες</em></span> <span class='ocrx_word' id='word_1_54' title='bbox 871 865 1002 901; x_wconf 75' lang='grc' dir='ltr'><em>ἵππιον</em></span> <span class='ocrx_word' id='word_1_55' title='bbox 1026 866 1206 907; x_wconf 78' lang='grc' dir='ltr'><em>εἴςῐιοδον</em></span> <span class='ocrx_word' id='word_1_56' title='bbox 1228 863 1361 902; x_wconf 73' lang='grc' dir='ltr'><em>ἁδόντι</em></span> <span class='ocrx_word' id='word_1_57' title='bbox 1383 868 1459 901; x_wconf 77' lang='grc' dir='ltr'><em>κτλ.</em></span> 
     </span>
    </p>
   </div>
   <div class='ocr_carea' id='block_1_5' title="bbox 255 948 1629 2184">
    <p class='ocr_par' dir='ltr' id='par_1_6' title="bbox 255 948 1623 1538">
     <span class='ocr_line' id='line_1_12' title="bbox 346 948 1620 995; baseline -0.001 -11"><span class='ocrx_word' id='word_1_58' title='bbox 346 963 382 984; x_wconf 76' lang='lat' dir='ltr'><strong>v.</strong></span> <span class='ocrx_word' id='word_1_59' title='bbox 405 948 460 983; x_wconf 82' lang='lat'><strong>48.</strong></span> <span class='ocrx_word' id='word_1_60' title='bbox 510 951 736 994; x_wconf 85' lang='lat' dir='ltr'>[Quanquam</span> <span class='ocrx_word' id='word_1_61' title='bbox 762 954 798 984; x_wconf 86' lang='lat' dir='ltr'><strong>et</strong></span> <span class='ocrx_word' id='word_1_62' title='bbox 819 951 902 984; x_wconf 87' lang='lat' dir='ltr'>libri</span> <span class='ocrx_word' id='word_1_63' title='bbox 928 954 962 984; x_wconf 89' lang='lat' dir='ltr'><strong>et</strong></span> <span class='ocrx_word' id='word_1_64' title='bbox 986 950 1137 985; x_wconf 88' lang='lat' dir='ltr'><strong>Scholia</strong></span> <span class='ocrx_word' id='word_1_65' title='bbox 1161 951 1385 985; x_wconf 89' lang='lat' dir='ltr'><strong>consentiunt</strong></span> <span class='ocrx_word' id='word_1_66' title='bbox 1406 951 1442 985; x_wconf 90' lang='lat' dir='ltr'><strong>in</strong></span> <span class='ocrx_word' id='word_1_67' title='bbox 1467 951 1620 995; x_wconf 79' lang='lat' dir='ltr'><strong>vulgata</strong></span> 
     </span>
     <span class='ocr_line' id='line_1_13' title="bbox 255 995 1621 1041; baseline -0.001 -12"><span class='ocrx_word' id='word_1_68' title='bbox 255 995 447 1039; x_wconf 84' lang='lat' dir='ltr'><strong>scriptura,</strong></span> <span class='ocrx_word' id='word_1_69' title='bbox 470 999 591 1029; x_wconf 84' lang='lat' dir='ltr'><strong>tamen</strong></span> <span class='ocrx_word' id='word_1_70' title='bbox 611 997 840 1029; x_wconf 83' lang='lat' dir='ltr'><strong>Ilermannus</strong></span> <span class='ocrx_word' id='word_1_71' title='bbox 866 997 1018 1040; x_wconf 86' lang='lat' dir='ltr'><strong>Opuscc.</strong></span> <span class='ocrx_word' id='word_1_72' title='bbox 1035 998 1109 1030; x_wconf 59' lang='lat'><strong>111.</strong></span> <span class='ocrx_word' id='word_1_73' title='bbox 1135 1009 1170 1041; x_wconf 83' lang='lat' dir='ltr'><strong>p.</strong></span> <span class='ocrx_word' id='word_1_74' title='bbox 1194 996 1287 1039; x_wconf 83' lang='grc'><strong>154.,</strong></span> <span class='ocrx_word' id='word_1_75' title='bbox 1313 998 1407 1040; x_wconf 90' lang='lat' dir='ltr'><strong>quod</strong></span> <span class='ocrx_word' id='word_1_76' title='bbox 1430 996 1465 1030; x_wconf 89' lang='lat' dir='ltr'><strong>in</strong></span> <span class='ocrx_word' id='word_1_77' title='bbox 1492 996 1621 1029; x_wconf 81' lang='lat' dir='ltr'><strong>ceteris</strong></span> 
     </span>
     <span class='ocr_line' id='line_1_14' title="bbox 257 1039 1621 1095; baseline 0.001 -22"><span class='ocrx_word' id='word_1_78' title='bbox 257 1042 415 1085; x_wconf 86' lang='lat' dir='ltr'><strong>strophis</strong></span> <span class='ocrx_word' id='word_1_79' title='bbox 439 1052 549 1084; x_wconf 82' lang='lat' dir='ltr'><strong>purus</strong></span> <span class='ocrx_word' id='word_1_80' title='bbox 573 1052 686 1084; x_wconf 84' lang='lat' dir='ltr'><strong>paeon</strong></span> <span class='ocrx_word' id='word_1_81' title='bbox 714 1048 777 1084; x_wconf 78' lang='lat' dir='ltr'><strong>est,</strong></span> <span class='ocrx_word' id='word_1_82' title='bbox 802 1039 900 1086; x_wconf 76' lang='grc' dir='ltr'><em>ἥβαν</em></span> <span class='ocrx_word' id='word_1_83' title='bbox 924 1053 993 1075; x_wconf 91' lang='lat' dir='ltr'><strong>non</strong></span> <span class='ocrx_word' id='word_1_84' title='bbox 1018 1047 1120 1086; x_wconf 86' lang='lat' dir='ltr'><strong>putat</strong></span> <span class='ocrx_word' id='word_1_85' title='bbox 1144 1054 1221 1076; x_wconf 85' lang='lat' dir='ltr'><strong>esse</strong></span> <span class='ocrx_word' id='word_1_86' title='bbox 1245 1053 1268 1076; x_wconf 88' lang='lat' dir='ltr'><strong>a</strong></span> <span class='ocrx_word' id='word_1_87' title='bbox 1288 1043 1454 1075; x_wconf 86' lang='lat' dir='ltr'>Pindaro.</span> <span class='ocrx_word' id='word_1_88' title='bbox 1501 1042 1621 1095; x_wconf 81' lang='lat' dir='ltr'><strong>Quum</strong></span> 
     </span>
     <span class='ocr_line' id='line_1_15' title="bbox 256 1083 1620 1133; baseline -0.001 -13"><span class='ocrx_word' id='word_1_89' title='bbox 256 1087 367 1131; x_wconf 80' lang='lat' dir='ltr'><strong>igitur</strong></span> <span class='ocrx_word' id='word_1_90' title='bbox 392 1086 426 1119; x_wconf 89' lang='lat' dir='ltr'><strong>in</strong></span> <span class='ocrx_word' id='word_1_91' title='bbox 451 1086 553 1119; x_wconf 85' lang='lat' dir='ltr'><strong>libris</strong></span> <span class='ocrx_word' id='word_1_92' title='bbox 577 1091 720 1129; x_wconf 87' lang='lat' dir='ltr'><strong>praeter</strong></span> <span class='ocrx_word' id='word_1_93' title='bbox 743 1099 856 1120; x_wconf 85' lang='grc' dir='ltr'><em>ιιιιιιιιι</em></span> <span class='ocrx_word' id='word_1_94' title='bbox 880 1088 1046 1120; x_wconf 86' lang='lat' dir='ltr'><strong>omnibus</strong></span> <span class='ocrx_word' id='word_1_95' title='bbox 1070 1092 1152 1121; x_wconf 88' lang='lat' dir='ltr'><strong>ante</strong></span> <span class='ocrx_word' id='word_1_96' title='bbox 1176 1087 1252 1133; x_wconf 79' lang='grc' dir='ltr'><em>νόῳ</em></span> <span class='ocrx_word' id='word_1_97' title='bbox 1277 1088 1439 1121; x_wconf 83' lang='lat' dir='ltr'><strong>additum</strong></span> <span class='ocrx_word' id='word_1_98' title='bbox 1460 1087 1506 1120; x_wconf 88' lang='lat' dir='ltr'><strong>sit</strong></span> <span class='ocrx_word' id='word_1_99' title='bbox 1522 1083 1620 1119; x_wconf 74' lang='grc' dir='ltr'><em>ἅπα-</em></span> 
     </span>
     <span class='ocr_line' id='line_1_16' title="bbox 257 1123 1618 1187; baseline -0.001 -21"><span class='ocrx_word' id='word_1_100' title='bbox 257 1143 338 1186; x_wconf 81' lang='grc' dir='ltr'><em>σαν,</em></span> <span class='ocrx_word' id='word_1_101' title='bbox 363 1131 398 1164; x_wconf 89' lang='lat' dir='ltr'><strong>id</strong></span> <span class='ocrx_word' id='word_1_102' title='bbox 422 1132 651 1164; x_wconf 84' lang='lat' dir='ltr'><strong>Hermannus</strong></span> <span class='ocrx_word' id='word_1_103' title='bbox 675 1144 718 1165; x_wconf 83' lang='lat' dir='ltr'><strong>ex</strong></span> <span class='ocrx_word' id='word_1_104' title='bbox 744 1131 891 1166; x_wconf 67' lang='grc' dir='ltr'><em>ἀυάταν</em></span> <span class='ocrx_word' id='word_1_105' title='bbox 916 1138 1033 1166; x_wconf 88' lang='lat' dir='ltr'><strong>ortum</strong></span> <span class='ocrx_word' id='word_1_106' title='bbox 1051 1123 1258 1175; x_wconf 85' lang='lat' dir='ltr'>arbitratur,</span> <span class='ocrx_word' id='word_1_107' title='bbox 1282 1134 1364 1166; x_wconf 86' lang='lat' dir='ltr'>coll.</span> <span class='ocrx_word' id='word_1_108' title='bbox 1381 1133 1488 1187; x_wconf 75' lang='lat' dir='ltr'><strong>P5th.</strong></span> <span class='ocrx_word' id='word_1_109' title='bbox 1506 1133 1553 1173; x_wconf 84' lang='grc' dir='ltr'><strong>ΙΙ,</strong></span> <span class='ocrx_word' id='word_1_110' title='bbox 1562 1130 1618 1164; x_wconf 86' lang='grc'><strong>28.</strong></span> 
     </span>
     <span class='ocr_line' id='line_1_17' title="bbox 255 1175 1622 1231; baseline -0.001 -19"><span class='ocrx_word' id='word_1_111' title='bbox 255 1176 405 1212; x_wconf 78' lang='grc' dir='ltr'><em>οἷυάταν</em></span> <span class='ocrx_word' id='word_1_112' title='bbox 430 1175 687 1231; x_wconf 76' lang='grc' dir='ltr'><em>υπεράφανον.</em></span> <span class='ocrx_word' id='word_1_113' title='bbox 733 1179 867 1211; x_wconf 62' lang='grc' dir='ltr'><em>ἱθιιιιιι</em></span> <span class='ocrx_word' id='word_1_114' title='bbox 891 1179 928 1211; x_wconf 90' lang='lat' dir='ltr'><strong>h.</strong></span> <span class='ocrx_word' id='word_1_115' title='bbox 955 1179 979 1211; x_wconf 91' lang='lat'><strong>1.</strong></span> <span class='ocrx_word' id='word_1_116' title='bbox 1003 1178 1077 1212; x_wconf 87' lang='lat' dir='ltr'><strong>alia</strong></span> <span class='ocrx_word' id='word_1_117' title='bbox 1100 1190 1159 1211; x_wconf 87' lang='lat' dir='ltr'><strong>res</strong></span> <span class='ocrx_word' id='word_1_118' title='bbox 1184 1182 1256 1211; x_wconf 87' lang='lat' dir='ltr'><strong>est:</strong></span> <span class='ocrx_word' id='word_1_119' title='bbox 1292 1189 1376 1210; x_wconf 89' lang='lat' dir='ltr'><strong>nam</strong></span> <span class='ocrx_word' id='word_1_120' title='bbox 1401 1175 1509 1212; x_wconf 78' lang='grc' dir='ltr'><em>οὔτε</em></span> <span class='ocrx_word' id='word_1_121' title='bbox 1533 1175 1622 1211; x_wconf 78' lang='grc' dir='ltr'><em>ἄδι-</em></span> 
     </span>
     <span class='ocr_line' id='line_1_18' title="bbox 257 1218 1622 1267; baseline -0.001 -10"><span class='ocrx_word' id='word_1_122' title='bbox 257 1235 325 1257; x_wconf 78' lang='grc' dir='ltr'><em>κον</em></span> <span class='ocrx_word' id='word_1_123' title='bbox 351 1234 462 1257; x_wconf 85' lang='grc' dir='ltr'><em>ουτε</em></span> <span class='ocrx_word' id='word_1_124' title='bbox 492 1218 704 1263; x_wconf 70' lang='grc' dir='ltr'><em>ὑπέροπλον</em></span> <span class='ocrx_word' id='word_1_125' title='bbox 734 1220 880 1257; x_wconf 78' lang='grc' dir='ltr'><em>οῗυάταν</em></span> <span class='ocrx_word' id='word_1_126' title='bbox 912 1222 1060 1265; x_wconf 78' lang='grc' dir='ltr'><em>δρέπειν</em></span> <span class='ocrx_word' id='word_1_127' title='bbox 1084 1224 1155 1257; x_wconf 84' lang='lat' dir='ltr'><strong>dici</strong></span> <span class='ocrx_word' id='word_1_128' title='bbox 1177 1235 1243 1257; x_wconf 88' lang='lat' dir='ltr'><strong>non</strong></span> <span class='ocrx_word' id='word_1_129' title='bbox 1261 1228 1412 1267; x_wconf 87' lang='lat' dir='ltr'><strong>poterat.</strong></span> <span class='ocrx_word' id='word_1_130' title='bbox 1438 1223 1514 1256; x_wconf 76' lang='lat' dir='ltr'><strong>Nec</strong></span> <span class='ocrx_word' id='word_1_131' title='bbox 1538 1220 1622 1267; x_wconf 87' lang='grc' dir='ltr'><em>δρέ-</em></span> 
     </span>
     <span class='ocr_line' id='line_1_19' title="bbox 256 1264 1622 1312; baseline -0.001 -9"><span class='ocrx_word' id='word_1_132' title='bbox 256 1281 341 1303; x_wconf 84' lang='grc' dir='ltr'><em>πειν</em></span> <span class='ocrx_word' id='word_1_133' title='bbox 365 1264 512 1301; x_wconf 75' lang='grc' dir='ltr'><em>οἷυοίταν</em></span> <span class='ocrx_word' id='word_1_134' title='bbox 536 1268 693 1301; x_wconf 83' lang='lat' dir='ltr'><strong>tulerim.</strong></span> <span class='ocrx_word' id='word_1_135' title='bbox 729 1269 891 1303; x_wconf 79' lang='lat' dir='ltr'>Tametsi</span> <span class='ocrx_word' id='word_1_136' title='bbox 919 1269 1109 1303; x_wconf 86' lang='lat' dir='ltr'><strong>Eustathio</strong></span> <span class='ocrx_word' id='word_1_137' title='bbox 1133 1270 1299 1303; x_wconf 87' lang='lat' dir='ltr'><strong>Prooem.</strong></span> <span class='ocrx_word' id='word_1_138' title='bbox 1323 1281 1358 1312; x_wconf 84' lang='lat' dir='ltr'><strong>p,</strong></span> <span class='ocrx_word' id='word_1_139' title='bbox 1379 1268 1411 1302; x_wconf 92' lang='lat'>5.</span> <span class='ocrx_word' id='word_1_140' title='bbox 1438 1269 1494 1301; x_wconf 87' lang='lat' dir='ltr'><strong>ed.</strong></span> <span class='ocrx_word' id='word_1_141' title='bbox 1505 1279 1622 1309; x_wconf 85' lang='lat' dir='ltr'><strong>meae,</strong></span> 
     </span>
     <span class='ocr_line' id='line_1_20' title="bbox 257 1312 1623 1360; baseline -0.001 -12"><span class='ocrx_word' id='word_1_142' title='bbox 257 1315 320 1348; x_wconf 87' lang='lat' dir='ltr'><strong>ubi</strong></span> <span class='ocrx_word' id='word_1_143' title='bbox 346 1314 494 1347; x_wconf 84' lang='lat' dir='ltr'><strong>affertur</strong></span> <span class='ocrx_word' id='word_1_144' title='bbox 520 1312 604 1348; x_wconf 77' lang='grc' dir='ltr'><em>οὔτε</em></span> <span class='ocrx_word' id='word_1_145' title='bbox 628 1312 839 1355; x_wconf 75' lang='grc' dir='ltr'><em>ὑπέροπλον</em></span> <span class='ocrx_word' id='word_1_146' title='bbox 863 1312 1005 1359; x_wconf 78' lang='grc' dir='ltr'><em>ὕβριν</em></span> <span class='ocrx_word' id='word_1_147' title='bbox 1037 1315 1202 1360; x_wconf 80' lang='grc' dir='ltr'><em>δρέπων,</em></span> <span class='ocrx_word' id='word_1_148' title='bbox 1234 1315 1279 1348; x_wconf 90' lang='lat' dir='ltr'><strong>ad</strong></span> <span class='ocrx_word' id='word_1_149' title='bbox 1312 1314 1471 1358; x_wconf 82' lang='lat' dir='ltr'><strong>speciem</strong></span> <span class='ocrx_word' id='word_1_150' title='bbox 1503 1313 1623 1347; x_wconf 84' lang='lat' dir='ltr'><strong>conie-</strong></span> 
     </span>
     <span class='ocr_line' id='line_1_21' title="bbox 258 1359 1623 1404; baseline -0.001 -11"><span class='ocrx_word' id='word_1_151' title='bbox 258 1365 383 1393; x_wconf 87' lang='lat' dir='ltr'><strong>cturae</strong></span> <span class='ocrx_word' id='word_1_152' title='bbox 408 1359 670 1392; x_wconf 85' lang='lat' dir='ltr'>conciliandam</span> <span class='ocrx_word' id='word_1_153' title='bbox 695 1359 746 1393; x_wconf 87' lang='lat' dir='ltr'><strong>uti</strong></span> <span class='ocrx_word' id='word_1_154' title='bbox 770 1364 913 1403; x_wconf 86' lang='lat' dir='ltr'><strong>poterat</strong></span> <span class='ocrx_word' id='word_1_155' title='bbox 936 1361 991 1393; x_wconf 77' lang='lat' dir='ltr'><strong>vir</strong></span> <span class='ocrx_word' id='word_1_156' title='bbox 1014 1371 1188 1393; x_wconf 86' lang='lat' dir='ltr'><strong>summus.</strong></span> <span class='ocrx_word' id='word_1_157' title='bbox 1235 1361 1317 1404; x_wconf 85' lang='lat' dir='ltr'><strong>Ego</strong></span> <span class='ocrx_word' id='word_1_158' title='bbox 1348 1360 1453 1393; x_wconf 80' lang='lat' dir='ltr'><strong>illum</strong></span> <span class='ocrx_word' id='word_1_159' title='bbox 1486 1371 1529 1392; x_wconf 83' lang='lat' dir='ltr'><strong>ex</strong></span> <span class='ocrx_word' id='word_1_160' title='bbox 1554 1359 1623 1392; x_wconf 81' lang='lat' dir='ltr'><strong>ita-</strong></span> 
     </span>
     <span class='ocr_line' id='line_1_22' title="bbox 259 1403 1623 1449; baseline -0.001 -11"><span class='ocrx_word' id='word_1_161' title='bbox 259 1406 370 1438; x_wconf 85' lang='lat' dir='ltr'><strong>cismo</strong></span> <span class='ocrx_word' id='word_1_162' title='bbox 397 1410 515 1438; x_wconf 80' lang='lat' dir='ltr'><strong>ortum</strong></span> <span class='ocrx_word' id='word_1_163' title='bbox 547 1416 707 1438; x_wconf 87' lang='lat' dir='ltr'><strong>errorem</strong></span> <span class='ocrx_word' id='word_1_164' title='bbox 732 1411 867 1449; x_wconf 88' lang='lat' dir='ltr'><strong>putem.</strong></span> <span class='ocrx_word' id='word_1_165' title='bbox 915 1407 1068 1439; x_wconf 79' lang='lat' dir='ltr'><strong>Prolsus</strong></span> <span class='ocrx_word' id='word_1_166' title='bbox 1093 1405 1335 1449; x_wconf 82' lang='lat' dir='ltr'>improbabile</span> <span class='ocrx_word' id='word_1_167' title='bbox 1361 1405 1516 1449; x_wconf 67' lang='lat' dir='ltr'><strong>Kayseri</strong></span> <span class='ocrx_word' id='word_1_168' title='bbox 1541 1403 1623 1438; x_wconf 66' lang='grc' dir='ltr'><em>ἔπε’-</em></span> 
     </span>
     <span class='ocr_line' id='line_1_23' title="bbox 256 1448 1623 1495; baseline -0.001 -11"><span class='ocrx_word' id='word_1_169' title='bbox 256 1463 338 1484; x_wconf 81' lang='grc' dir='ltr'><em>ταν.</em></span> <span class='ocrx_word' id='word_1_170' title='bbox 370 1451 566 1495; x_wconf 52' lang='lat' dir='ltr'><strong>Wulgatnm</strong></span> <span class='ocrx_word' id='word_1_171' title='bbox 591 1454 709 1483; x_wconf 85' lang='lat' dir='ltr'><strong>tuetur</strong></span> <span class='ocrx_word' id='word_1_172' title='bbox 731 1456 875 1494; x_wconf 81' lang='lat' dir='ltr'><strong>praeter</strong></span> <span class='ocrx_word' id='word_1_173' title='bbox 898 1452 1056 1495; x_wconf 87' lang='lat' dir='ltr'><strong>reliquos</strong></span> <span class='ocrx_word' id='word_1_174' title='bbox 1074 1451 1280 1485; x_wconf 86' lang='lat' dir='ltr'><strong>Scholiasta</strong></span> <span class='ocrx_word' id='word_1_175' title='bbox 1301 1450 1466 1484; x_wconf 81' lang='lat' dir='ltr'><strong>Aristidis</strong></span> <span class='ocrx_word' id='word_1_176' title='bbox 1490 1462 1525 1494; x_wconf 89' lang='lat' dir='ltr'><strong>p.</strong></span> <span class='ocrx_word' id='word_1_177' title='bbox 1543 1448 1623 1483; x_wconf 87' lang='lat'>334.</span> 
     </span>
     <span class='ocr_line' id='line_1_24' title="bbox 256 1496 624 1538; baseline -0.003 -9"><span class='ocrx_word' id='word_1_178' title='bbox 256 1497 453 1530; x_wconf 88' lang='lat' dir='ltr'><strong>Frommel.</strong></span> <span class='ocrx_word' id='word_1_179' title='bbox 503 1496 624 1538; x_wconf 87' lang='lat' dir='ltr'>SCH.]</span> 
     </span>
    </p>

    <p class='ocr_par' dir='ltr' id='par_1_7' title="bbox 258 1540 1629 2174">
     <span class='ocr_line' id='line_1_25' title="bbox 413 1540 1625 1586; baseline 0 -13"><span class='ocrx_word' id='word_1_180' title='bbox 413 1540 458 1573; x_wconf 82' lang='lat'><strong>50</strong></span> <span class='ocrx_word' id='word_1_181' title='bbox 482 1552 554 1584; x_wconf 87' lang='lat' dir='ltr'><strong>seq</strong></span> <span class='ocrx_word' id='word_1_182' title='bbox 606 1541 812 1585; x_wconf 69' lang='lat' dir='ltr'><strong>[Heyniana</strong></span> <span class='ocrx_word' id='word_1_183' title='bbox 842 1542 1021 1586; x_wconf 86' lang='lat' dir='ltr'><strong>scriptura</strong></span> <span class='ocrx_word' id='word_1_184' title='bbox 1044 1544 1104 1575; x_wconf 61' lang='lat' dir='ltr'><strong>xel</strong></span> <span class='ocrx_word' id='word_1_185' title='bbox 1139 1542 1183 1575; x_wconf 90' lang='lat' dir='ltr'><strong>ob</strong></span> <span class='ocrx_word' id='word_1_186' title='bbox 1216 1541 1436 1574; x_wconf 75' lang='lat' dir='ltr'><strong>vocabulum</strong></span> <span class='ocrx_word' id='word_1_187' title='bbox 1469 1540 1625 1574; x_wconf 77' lang='lat' dir='ltr'><strong>divisum</strong></span> 
     </span>
     <span class='ocr_line' id='line_1_26' title="bbox 260 1584 1627 1640; baseline -0.001 -20"><span class='ocrx_word' id='word_1_188' title='bbox 260 1598 328 1620; x_wconf 90' lang='lat' dir='ltr'><strong>non</strong></span> <span class='ocrx_word' id='word_1_189' title='bbox 353 1586 504 1620; x_wconf 86' lang='lat' dir='ltr'><strong>ferenda</strong></span> <span class='ocrx_word' id='word_1_190' title='bbox 530 1597 552 1619; x_wconf 90' lang='lat' dir='ltr'><strong>a</strong></span> <span class='ocrx_word' id='word_1_191' title='bbox 577 1586 763 1619; x_wconf 76' lang='lat' dir='ltr'><strong>Boeckhio</strong></span> <span class='ocrx_word' id='word_1_192' title='bbox 790 1598 832 1620; x_wconf 84' lang='lat' dir='ltr'><strong>ex</strong></span> <span class='ocrx_word' id='word_1_193' title='bbox 856 1587 998 1621; x_wconf 86' lang='lat' dir='ltr'><strong>indiciis</strong></span> <span class='ocrx_word' id='word_1_194' title='bbox 1021 1588 1198 1622; x_wconf 84' lang='lat' dir='ltr'><strong>librorum</strong></span> <span class='ocrx_word' id='word_1_195' title='bbox 1221 1586 1348 1619; x_wconf 83' lang='lat' dir='ltr'><strong>reficta</strong></span> <span class='ocrx_word' id='word_1_196' title='bbox 1367 1590 1430 1620; x_wconf 83' lang='lat' dir='ltr'><strong>est.</strong></span> <span class='ocrx_word' id='word_1_197' title='bbox 1463 1587 1509 1619; x_wconf 88' lang='lat' dir='ltr'><strong>Et</strong></span> <span class='ocrx_word' id='word_1_198' title='bbox 1510 1584 1627 1640; x_wconf 76' lang='grc' dir='ltr'><em>μάλα</em></span> 
     </span>
     <span class='ocr_line' id='line_1_27' title="bbox 258 1628 1627 1687; baseline 0 -22"><span class='ocrx_word' id='word_1_199' title='bbox 258 1632 404 1686; x_wconf 87' lang='lat' dir='ltr'><strong>quidem</strong></span> <span class='ocrx_word' id='word_1_200' title='bbox 429 1636 510 1664; x_wconf 87' lang='lat' dir='ltr'><strong>ante</strong></span> <span class='ocrx_word' id='word_1_201' title='bbox 535 1628 666 1665; x_wconf 72' lang='grc' dir='ltr'><em>(ἰδόντι</em></span> <span class='ocrx_word' id='word_1_202' title='bbox 697 1632 834 1665; x_wconf 84' lang='lat' dir='ltr'><strong>habent</strong></span> <span class='ocrx_word' id='word_1_203' title='bbox 866 1644 1005 1672; x_wconf 83' lang='lat' dir='ltr'><strong>omnes3</strong></span> <span class='ocrx_word' id='word_1_204' title='bbox 1038 1635 1148 1675; x_wconf 89' lang='lat' dir='ltr'><strong>paulo</strong></span> <span class='ocrx_word' id='word_1_205' title='bbox 1182 1636 1264 1666; x_wconf 84' lang='lat' dir='ltr'><strong>ante</strong></span> <span class='ocrx_word' id='word_1_206' title='bbox 1288 1632 1370 1664; x_wconf 86' lang='lat' dir='ltr'><strong>fere</strong></span> <span class='ocrx_word' id='word_1_207' title='bbox 1391 1631 1461 1664; x_wconf 84' lang='lat' dir='ltr'><strong>sic.</strong></span> <span class='ocrx_word' id='word_1_208' title='bbox 1498 1629 1627 1687; x_wconf 75' lang='grc' dir='ltr'><em>ὀργαῖς</em></span> 
     </span>
     <span class='ocr_line' id='line_1_28' title="bbox 259 1659 1627 1716; baseline 0 -5"><span class='ocrx_word' id='word_1_209' title='bbox 259 1676 397 1716; x_wconf 75' lang='grc' dir='ltr'><em>πάσαις</em></span> <span class='ocrx_word' id='word_1_210' title='bbox 432 1689 473 1715; x_wconf 84' lang='grc' dir='ltr'><strong>ος</strong></span> <span class='ocrx_word' id='word_1_211' title='bbox 510 1676 663 1711; x_wconf 81' lang='grc' dir='ltr'><em>ἱππείαν</em></span> <span class='ocrx_word' id='word_1_212' title='bbox 704 1675 832 1716; x_wconf 71' lang='grc' dir='ltr'><em>Ξςοδον</em></span> <span class='ocrx_word' id='word_1_213' title='bbox 871 1680 931 1710; x_wconf 59' lang='lat' dir='ltr'><strong>wel</strong></span> <span class='ocrx_word' id='word_1_214' title='bbox 965 1659 1141 1711; x_wconf 73' lang='lat' dir='ltr'><strong>siiniliter.</strong></span> <span class='ocrx_word' id='word_1_215' title='bbox 1197 1677 1298 1710; x_wconf 85' lang='lat' dir='ltr'><strong>Unde</strong></span> <span class='ocrx_word' id='word_1_216' title='bbox 1332 1676 1466 1710; x_wconf 80' lang='grc' dir='ltr'><em>ἱππίαν</em></span> <span class='ocrx_word' id='word_1_217' title='bbox 1498 1676 1627 1716; x_wconf 75' lang='grc' dir='ltr'><em>ἕςοδον</em></span> 
     </span>
     <span class='ocr_line' id='line_1_29' title="bbox 260 1721 1627 1777; baseline 0.001 -21"><span class='ocrx_word' id='word_1_218' title='bbox 260 1722 478 1756; x_wconf 86' lang='lat' dir='ltr'><strong>Boeckhius</strong></span> <span class='ocrx_word' id='word_1_219' title='bbox 506 1723 579 1756; x_wconf 85' lang='lat' dir='ltr'><strong>Sed</strong></span> <span class='ocrx_word' id='word_1_220' title='bbox 603 1722 710 1763; x_wconf 81' lang='lat' dir='ltr'><strong>idem,</strong></span> <span class='ocrx_word' id='word_1_221' title='bbox 737 1732 844 1764; x_wconf 87' lang='lat' dir='ltr'><strong>quum</strong></span> <span class='ocrx_word' id='word_1_222' title='bbox 868 1722 1073 1756; x_wconf 86' lang='lat' dir='ltr'><strong>Scholiasta</strong></span> <span class='ocrx_word' id='word_1_223' title='bbox 1079 1722 1268 1777; x_wconf 83' lang='lat' dir='ltr'><strong>explicet·</strong></span> <span class='ocrx_word' id='word_1_224' title='bbox 1295 1722 1353 1757; x_wconf 84' lang='grc' dir='ltr'><strong>σοὶ</strong></span> <span class='ocrx_word' id='word_1_225' title='bbox 1371 1721 1423 1763; x_wconf 78' lang='grc' dir='ltr'><em>δέ,</em></span> <span class='ocrx_word' id='word_1_226' title='bbox 1449 1723 1477 1755; x_wconf 82' lang='grc' dir='ltr'><strong>ω’</strong></span> <span class='ocrx_word' id='word_1_227' title='bbox 1494 1724 1627 1757; x_wconf 85' lang='grc' dir='ltr'><em>Ποσει-</em></span> 
     </span>
     <span class='ocr_line' id='line_1_30' title="bbox 262 1763 1627 1823; baseline -0.001 -21"><span class='ocrx_word' id='word_1_228' title='bbox 262 1769 360 1809; x_wconf 79' lang='grc' dir='ltr'><em>δῶν,</em></span> <span class='ocrx_word' id='word_1_229' title='bbox 394 1766 610 1812; x_wconf 78' lang='grc' dir='ltr'><em>προςέχεται</em></span> <span class='ocrx_word' id='word_1_230' title='bbox 643 1767 707 1800; x_wconf 81' lang='grc' dir='ltr'><strong>καὶ</strong></span> <span class='ocrx_word' id='word_1_231' title='bbox 733 1768 958 1809; x_wconf 80' lang='grc' dir='ltr'><em>οἰκειοῦται,</em></span> <span class='ocrx_word' id='word_1_232' title='bbox 986 1764 1027 1805; x_wconf 74' lang='lat'><strong>0¹9</strong></span> <span class='ocrx_word' id='word_1_233' title='bbox 1053 1763 1155 1812; x_wconf 75' lang='grc' dir='ltr'><em>εὗρες</em></span> <span class='ocrx_word' id='word_1_234' title='bbox 1181 1767 1332 1805; x_wconf 84' lang='grc' dir='ltr'><em>ιππειάς</em></span> <span class='ocrx_word' id='word_1_235' title='bbox 1358 1766 1528 1823; x_wconf 83' lang='grc' dir='ltr'><em>ἐςόδους,</em></span> <span class='ocrx_word' id='word_1_236' title='bbox 1565 1779 1627 1801; x_wconf 86' lang='lat' dir='ltr'><strong>eo-</strong></span> 
     </span>
     <span class='ocr_line' id='line_1_31' title="bbox 261 1807 1625 1867; baseline -0.001 -20"><span class='ocrx_word' id='word_1_237' title='bbox 261 1814 415 1867; x_wconf 63' lang='lat' dir='ltr'><strong>demque</strong></span> <span class='ocrx_word' id='word_1_238' title='bbox 440 1813 548 1846; x_wconf 87' lang='lat' dir='ltr'><strong>ducat</strong></span> <span class='ocrx_word' id='word_1_239' title='bbox 569 1812 674 1845; x_wconf 88' lang='lat' dir='ltr'><strong>unius</strong></span> <span class='ocrx_word' id='word_1_240' title='bbox 699 1812 914 1855; x_wconf 87' lang='lat' dir='ltr'><strong>alteriusque</strong></span> <span class='ocrx_word' id='word_1_241' title='bbox 947 1813 1080 1846; x_wconf 88' lang='lat' dir='ltr'><strong>codicis</strong></span> <span class='ocrx_word' id='word_1_242' title='bbox 1103 1813 1278 1855; x_wconf 84' lang='lat' dir='ltr'><strong>scriptura</strong></span> <span class='ocrx_word' id='word_1_243' title='bbox 1304 1807 1407 1858; x_wconf 81' lang='grc' dir='ltr'><em>ευρές</em></span> <span class='ocrx_word' id='word_1_244' title='bbox 1430 1811 1470 1847; x_wconf 82' lang='grc' dir='ltr'><strong>θ’</strong></span> <span class='ocrx_word' id='word_1_245' title='bbox 1496 1826 1536 1852; x_wconf 89' lang='grc' dir='ltr'><strong>ος</strong></span> <span class='ocrx_word' id='word_1_246' title='bbox 1561 1812 1625 1846; x_wconf 72' lang='grc' dir='ltr'><em>ἒπ-</em></span> 
     </span>
     <span class='ocr_line' id='line_1_32' title="bbox 261 1845 1624 1912; baseline -0.001 -19"><span class='ocrx_word' id='word_1_247' title='bbox 261 1858 357 1893; x_wconf 78' lang='grc' dir='ltr'><em>πέαν</em></span> <span class='ocrx_word' id='word_1_248' title='bbox 381 1859 508 1894; x_wconf 81' lang='grc' dir='ltr'><em>ἒςοδον</em></span> <span class='ocrx_word' id='word_1_249' title='bbox 531 1877 576 1882; x_wconf 74' lang='lat'><em>-</em></span> <span class='ocrx_word' id='word_1_250' title='bbox 600 1858 684 1891; x_wconf 63' lang='lat' dir='ltr'><strong>xide</strong></span> <span class='ocrx_word' id='word_1_251' title='bbox 700 1858 821 1912; x_wconf 78' lang='lat' dir='ltr'>Expll</span> <span class='ocrx_word' id='word_1_252' title='bbox 840 1870 874 1900; x_wconf 87' lang='lat' dir='ltr'><strong>p.</strong></span> <span class='ocrx_word' id='word_1_253' title='bbox 886 1857 965 1892; x_wconf 85' lang='lat'>300.</span> <span class='ocrx_word' id='word_1_254' title='bbox 992 1878 1035 1882; x_wconf 88' lang='lat'><em>-</em></span> <span class='ocrx_word' id='word_1_255' title='bbox 1062 1858 1114 1891; x_wconf 91' lang='lat' dir='ltr'><strong>sic</strong></span> <span class='ocrx_word' id='word_1_256' title='bbox 1135 1845 1387 1891; x_wconf 80' lang='lat' dir='ltr'>conformabat</span> <span class='ocrx_word' id='word_1_257' title='bbox 1405 1859 1624 1892; x_wconf 87' lang='lat' dir='ltr'><strong>orationem.</strong></span> 
     </span>
     <span class='ocr_line' id='line_1_33' title="bbox 261 1899 1628 1947; baseline -0.001 -8"><span class='ocrx_word' id='word_1_258' title='bbox 261 1905 320 1939; x_wconf 87' lang='grc' dir='ltr'><strong>τίν</strong></span> <span class='ocrx_word' id='word_1_259' title='bbox 345 1900 375 1938; x_wconf 89' lang='grc' dir='ltr'><em>τ’</em></span> <span class='ocrx_word' id='word_1_260' title='bbox 399 1899 629 1946; x_wconf 79' lang='grc' dir='ltr'><em>Ἐλέλιχθον,</em></span> <span class='ocrx_word' id='word_1_261' title='bbox 662 1899 746 1941; x_wconf 78' lang='grc' dir='ltr'><em>δ’ςθ’</em></span> <span class='ocrx_word' id='word_1_262' title='bbox 780 1903 882 1946; x_wconf 82' lang='grc' dir='ltr'><em>εὑρες</em></span> <span class='ocrx_word' id='word_1_263' title='bbox 906 1902 1039 1936; x_wconf 78' lang='grc' dir='ltr'><em>ἱππίαν</em></span> <span class='ocrx_word' id='word_1_264' title='bbox 1071 1901 1216 1946; x_wconf 76' lang='grc' dir='ltr'><em>ἔςοδον,</em></span> <span class='ocrx_word' id='word_1_265' title='bbox 1251 1904 1346 1946; x_wconf 82' lang='lat' dir='ltr'><strong>quod</strong></span> <span class='ocrx_word' id='word_1_266' title='bbox 1379 1904 1628 1947; x_wconf 77' lang='lat' dir='ltr'><strong>comprobavit</strong></span> 
     </span>
     <span class='ocr_line' id='line_1_34' title="bbox 259 1948 1628 1992; baseline 0 -9"><span class='ocrx_word' id='word_1_267' title='bbox 259 1949 469 1989; x_wconf 69' lang='lat' dir='ltr'><strong>Disseffius,</strong></span> <span class='ocrx_word' id='word_1_268' title='bbox 503 1959 572 1981; x_wconf 90' lang='lat' dir='ltr'><strong>non</strong></span> <span class='ocrx_word' id='word_1_269' title='bbox 603 1948 711 1981; x_wconf 62' lang='lat' dir='ltr'><strong>xalde</strong></span> <span class='ocrx_word' id='word_1_270' title='bbox 743 1948 873 1991; x_wconf 85' lang='lat' dir='ltr'><strong>probat</strong></span> <span class='ocrx_word' id='word_1_271' title='bbox 903 1948 1110 1982; x_wconf 84' lang='lat' dir='ltr'><strong>Boeckhius</strong></span> <span class='ocrx_word' id='word_1_272' title='bbox 1143 1949 1233 1992; x_wconf 87' lang='lat' dir='ltr'><strong>ipse.</strong></span> <span class='ocrx_word' id='word_1_273' title='bbox 1282 1949 1350 1991; x_wconf 82' lang='lat' dir='ltr'><strong>Qui</strong></span> <span class='ocrx_word' id='word_1_274' title='bbox 1382 1949 1427 1982; x_wconf 89' lang='lat' dir='ltr'><strong>ad</strong></span> <span class='ocrx_word' id='word_1_275' title='bbox 1453 1960 1533 1982; x_wconf 86' lang='lat' dir='ltr'><strong>eam</strong></span> <span class='ocrx_word' id='word_1_276' title='bbox 1557 1950 1628 1983; x_wconf 85' lang='lat' dir='ltr'><strong>loci</strong></span> 
     </span>
     <span class='ocr_line' id='line_1_35' title="bbox 261 1993 1629 2048; baseline 0 -20"><span class='ocrx_word' id='word_1_277' title='bbox 261 1995 479 2048; x_wconf 83' lang='lat' dir='ltr'><strong>scripturam</strong></span> <span class='ocrx_word' id='word_1_278' title='bbox 504 1993 657 2027; x_wconf 74' lang='lat' dir='ltr'><strong>devenit.</strong></span> <span class='ocrx_word' id='word_1_279' title='bbox 685 2004 793 2037; x_wconf 87' lang='lat' dir='ltr'><strong>quam</strong></span> <span class='ocrx_word' id='word_1_280' title='bbox 816 1994 1045 2027; x_wconf 72' lang='lat' dir='ltr'><strong>Hei-mannus</strong></span> <span class='ocrx_word' id='word_1_281' title='bbox 1070 1994 1397 2027; x_wconf 69' lang='lat' dir='ltr'><strong>commendaverat.</strong></span> <span class='ocrx_word' id='word_1_282' title='bbox 1432 1996 1479 2028; x_wconf 85' lang='lat' dir='ltr'><strong>Et</strong></span> <span class='ocrx_word' id='word_1_283' title='bbox 1503 1993 1538 2034; x_wconf 79' lang='grc' dir='ltr'><strong>ἐς</strong></span> <span class='ocrx_word' id='word_1_284' title='bbox 1563 1994 1629 2028; x_wconf 83' lang='grc' dir='ltr'><em>ἱπ-</em></span> 
     </span>
     <span class='ocr_line' id='line_1_36' title="bbox 261 2038 1628 2084; baseline -0.001 -10"><span class='ocrx_word' id='word_1_285' title='bbox 261 2042 372 2075; x_wconf 83' lang='grc' dir='ltr'><em>πείαν</em></span> <span class='ocrx_word' id='word_1_286' title='bbox 399 2039 524 2079; x_wconf 76' lang='grc' dir='ltr'><em>ἕςοδον</em></span> <span class='ocrx_word' id='word_1_287' title='bbox 549 2040 633 2073; x_wconf 88' lang='lat' dir='ltr'><strong>Par.</strong></span> <span class='ocrx_word' id='word_1_288' title='bbox 651 2040 680 2072; x_wconf 84' lang='lat' dir='ltr'>B</span> <span class='ocrx_word' id='word_1_289' title='bbox 705 2039 1002 2073; x_wconf 63' lang='lat' dir='ltr'><strong>subministraxit.</strong></span> <span class='ocrx_word' id='word_1_290' title='bbox 1054 2040 1158 2082; x_wconf 82' lang='lat' dir='ltr'><strong>Quod</strong></span> <span class='ocrx_word' id='word_1_291' title='bbox 1174 2039 1350 2083; x_wconf 75' lang='lat' dir='ltr'><strong>Bergkius</strong></span> <span class='ocrx_word' id='word_1_292' title='bbox 1375 2040 1535 2082; x_wconf 83' lang='lat' dir='ltr'><strong>scripsit:</strong></span> <span class='ocrx_word' id='word_1_293' title='bbox 1561 2038 1628 2084; x_wconf 79' lang='grc' dir='ltr'><em>ὄρ·-</em></span> 
     </span>
     <span class='ocr_line' id='line_1_37' title="bbox 262 2083 1629 2133; baseline 0 -14"><span class='ocrx_word' id='word_1_294' title='bbox 262 2087 329 2133; x_wconf 79' lang='grc' dir='ltr'><strong>γᾷς</strong></span> <span class='ocrx_word' id='word_1_295' title='bbox 354 2099 393 2124; x_wconf 86' lang='grc' dir='ltr'><strong>ος</strong></span> <span class='ocrx_word' id='word_1_296' title='bbox 418 2086 552 2119; x_wconf 75' lang='grc' dir='ltr'><em>ἱππίαν</em></span> <span class='ocrx_word' id='word_1_297' title='bbox 576 2084 612 2124; x_wconf 79' lang='grc' dir='ltr'><strong>ἐς</strong></span> <span class='ocrx_word' id='word_1_298' title='bbox 636 2083 747 2126; x_wconf 86' lang='grc' dir='ltr'><em>ὁδόν,</em></span> <span class='ocrx_word' id='word_1_299' title='bbox 780 2096 849 2117; x_wconf 87' lang='lat' dir='ltr'><strong>non</strong></span> <span class='ocrx_word' id='word_1_300' title='bbox 874 2086 961 2119; x_wconf 87' lang='lat' dir='ltr'><strong>satis</strong></span> <span class='ocrx_word' id='word_1_301' title='bbox 983 2086 1158 2129; x_wconf 81' lang='lat' dir='ltr'><strong>intelligo.</strong></span> <span class='ocrx_word' id='word_1_302' title='bbox 1208 2086 1375 2118; x_wconf 85' lang='lat' dir='ltr'><strong>Ceterum</strong></span> <span class='ocrx_word' id='word_1_303' title='bbox 1407 2096 1516 2128; x_wconf 92' lang='lat' dir='ltr'><strong>quum</strong></span> <span class='ocrx_word' id='word_1_304' title='bbox 1548 2086 1629 2119; x_wconf 82' lang='lat' dir='ltr'><strong>Eu-</strong></span> 
     </span>
     <span class='ocr_line' id='line_1_38' title="bbox 263 2123 1628 2184; baseline -0.001 -19"><span class='ocrx_word' id='word_1_305' title='bbox 263 2123 416 2165; x_wconf 79' lang='lat' dir='ltr'><strong>st‘athius</strong></span> <span class='ocrx_word' id='word_1_306' title='bbox 439 2132 607 2164; x_wconf 86' lang='lat' dir='ltr'><strong>Prooem.</strong></span> <span class='ocrx_word' id='word_1_307' title='bbox 639 2143 675 2174; x_wconf 86' lang='lat' dir='ltr'><strong>p.</strong></span> <span class='ocrx_word' id='word_1_308' title='bbox 699 2129 734 2162; x_wconf 79' lang='grc'><strong>7.</strong></span> <span class='ocrx_word' id='word_1_309' title='bbox 782 2130 984 2184; x_wconf 74' lang='lat' dir='ltr'><strong>Neptunum</strong></span> <span class='ocrx_word' id='word_1_310' title='bbox 1015 2142 1037 2164; x_wconf 87' lang='lat' dir='ltr'><strong>a</strong></span> <span class='ocrx_word' id='word_1_311' title='bbox 1069 2131 1226 2164; x_wconf 85' lang='lat' dir='ltr'><strong>Pindaro</strong></span> <span class='ocrx_word' id='word_1_312' title='bbox 1255 2129 1478 2174; x_wconf 78' lang='grc' dir='ltr'><em>ἕλασίχθονοι</em></span> <span class='ocrx_word' id='word_1_313' title='bbox 1502 2131 1628 2174; x_wconf 87' lang='lat' dir='ltr'><strong>appel-</strong></span> 
     </span>
    </p>
   </div>
   <div class='ocr_carea' id='block_1_6' title="bbox 264 2175 1627 2266">
    <p class='ocr_par' dir='ltr' id='par_1_8' title="bbox 264 2175 1627 2266">
     <span class='ocr_line' id='line_1_39' title="bbox 264 2175 1627 2221; baseline 0 -11"><span class='ocrx_word' id='word_1_314' title='bbox 264 2178 380 2210; x_wconf 88' lang='lat' dir='ltr'><strong>latum</strong></span> <span class='ocrx_word' id='word_1_315' title='bbox 404 2176 557 2216; x_wconf 82' lang='lat' dir='ltr'><strong>referat,</strong></span> <span class='ocrx_word' id='word_1_316' title='bbox 587 2175 670 2209; x_wconf 86' lang='lat' dir='ltr'><strong>fieri</strong></span> <span class='ocrx_word' id='word_1_317' title='bbox 693 2178 832 2220; x_wconf 86' lang='lat' dir='ltr'><strong>potest,</strong></span> <span class='ocrx_word' id='word_1_318' title='bbox 863 2180 903 2211; x_wconf 87' lang='lat' dir='ltr'><strong>ut</strong></span> <span class='ocrx_word' id='word_1_319' title='bbox 934 2176 1052 2212; x_wconf 82' lang='lat' dir='ltr'><strong>tritius</strong></span> <span class='ocrx_word' id='word_1_320' title='bbox 1084 2177 1269 2221; x_wconf 87' lang='lat' dir='ltr'><strong>epitheton</strong></span> <span class='ocrx_word' id='word_1_321' title='bbox 1294 2178 1448 2211; x_wconf 83' lang='lat' dir='ltr'><strong>altorum</strong></span> <span class='ocrx_word' id='word_1_322' title='bbox 1473 2187 1516 2210; x_wconf 84' lang='lat' dir='ltr'><strong>ex</strong></span> <span class='ocrx_word' id='word_1_323' title='bbox 1541 2177 1578 2210; x_wconf 91' lang='lat' dir='ltr'><strong>h.</strong></span> <span class='ocrx_word' id='word_1_324' title='bbox 1601 2176 1627 2210; x_wconf 89' lang='lat'><strong>1.</strong></span> 
     </span>
     <span class='ocr_line' id='line_1_40' title="bbox 264 2221 623 2266; baseline -0.003 -10"><span class='ocrx_word' id='word_1_325' title='bbox 264 2221 452 2266; x_wconf 81' lang='lat' dir='ltr'><strong>expulerit.</strong></span> <span class='ocrx_word' id='word_1_326' title='bbox 501 2222 623 2262; x_wconf 68' lang='lat' dir='ltr'>SCH]</span> 
     </span>
    </p>
   </div>
  </div>
 </body>
</html>
