1751 2986
1322 170 1441 198 Lxxxl

75 264 151 300 τῶν
180 263 404 310 nugatum
435 261 614 309 ἐχρήσατο
642 262 688 309 τῇ
718 260 810 305 λέξει
830 261 900 306 ¹²).
951 262 1209 307 Corruptorum
1242 262 1440 296 verborum

75 325 362 360 emendationem
394 325 529 359 frustra
560 324 709 360 tentavit
741 325 996 358 Piersonus
1031 325 1078 359 ad
1111 322 1265 357 Moerid.
1301 335 1336 367 p.
1369 323 1442 367 70„

73 387 160 422 licet
189 390 336 432 praeter
358 386 651 420 Boeckhium
687 386 733 419 ad
758 386 928 420 Parthen.
961 386 1007 420 fr.
1033 386 1066 419 1.
1091 385 1368 430 Bernhardy
1393 385 1441 419 ad

76 448 175 484 Suid.
201 460 231 482 s.
255 460 291 483 v.
326 446 492 494 Κόριννα
515 461 551 493 p.
575 447 654 482 344.
685 452 720 482 et
745 448 788 480 G.
814 448 1089 482 Dindorfius
1122 457 1187 491 pro
1213 450 1311 480 certa
1335 458 1440 481 acce-

74 511 208 554 perint,
234 511 347 544 hanc:
378 509 403 554 ἦ
427 508 613 556 Κόριννα,
645 509 698 545 ἔτι
723 509 762 544 δὲ
787 507 807 544 ὁ
834 511 1019 555 Πίνδαρος
1044 506 1230 550 ἀττικίζει.
1278 509 1440 543 Mentem

74 571 303 606 scholiastae
323 571 461 616 primus
484 572 667 617 sagaciter
690 572 873 616 perspexit
895 573 911 605 l
920 583 941 605 a
953 584 982 605 c.
1009 570 1215 611 Geelius‚
1240 581 1347 613 quem
1372 572 1441 605 ho·-

74 633 171 666 noris
195 644 306 667 causa
338 633 505 674 nomino,
539 633 576 666 in
607 633 720 667 literis
744 645 860 676 nuper
891 634 937 666 ad
962 645 1020 666 me
1045 632 1155 665 datis:
1189 630 1442 676 ,,οἷγοροὶζειν,”

72 693 198 737 inquit,
222 694 400 736 „verbum
417 688 573 726 Atticum
597 697 660 735 est,
686 694 779 727 unde
798 694 953 727 Corinna
976 694 1171 727 Pindarum
1195 693 1440 736 reprehendit,

74 755 169 798 quod
192 755 349 789 Atticum
383 753 536 787 verbum
567 754 780 787 admisisset.
836 755 954 787 Verba
980 766 1047 787 non
1072 756 1237 798 praesto:
1275 755 1441 789 videntur

72 820 194 850 tamen
217 815 268 850 ita
291 814 368 849 fere
393 814 531 848 restitui
556 826 680 858 posse:
720 814 811 848 ὅθεν
844 813 905 848 καὶ
933 812 953 857 ἡ
978 811 1143 858 Κόριννα
1169 813 1319 862 ἐπιτιμᾷ
1344 819 1438 850 Πιν-

72 876 174 923 δάρῳ
199 874 454 918 οἷττικ;’ζοντι.”
502 875 617 910 Simul
647 876 731 909 hinc
756 878 907 919 apparet
940 876 1268 910 commonefactum
1293 881 1440 921 poetam

72 949 152 972 esse
176 949 198 972 a
221 938 377 972 Corinna
390 936 540 971 Athenis
563 949 750 970 reversum
767 938 928 971 Thebas.
975 938 1190 981 Quanquam
1214 948 1283 971 non
1307 950 1439 983 negem

71 1000 134 1033 vel
157 1002 240 1033 ante
263 999 352 1033 illud
376 1002 516 1042 tempus
542 999 718 1032 Corinnae
741 999 943 1042 praeceptis
968 1000 1087 1032 locum
1112 999 1236 1032 fuisse.

161 1060 217 1093 Ab
241 1059 368 1092 eadem
393 1060 532 1103 poetria
549 1061 725 1093 Pindarus
750 1060 942 1102 aliquando
967 1060 1002 1092 in
1027 1060 1223 1094 certamine
1249 1065 1439 1105 poetarum

71 1121 189 1157 victus
213 1124 286 1163 est,
320 1120 351 1153 si
381 1120 526 1164 quidem
558 1121 722 1154 audimus
747 1122 966 1155 Pausaniam
990 1122 1059 1163 lx,
1081 1121 1146 1163 22,
1170 1122 1208 1156 3:
1244 1124 1440 1169 Κορίννης,

70 1179 98 1229 ἢ
119 1181 216 1228 μόνη
240 1181 287 1226 δὴ
313 1181 352 1217 ἐν
379 1180 556 1227 Τανάγρᾳ
581 1180 727 1228 ᾄσματα
751 1181 918 1227 ἐποίησε,
952 1182 1090 1227 ταύτης
1114 1183 1188 1218 ἔστι
1221 1184 1288 1228 μὲν
1309 1186 1438 1230 μνῆμα

71 1244 112 1281 ἐν
134 1246 335 1290 περιφανεῖ
353 1244 418 1288 τῆς
441 1241 602 1283 πόλεως·
634 1242 710 1278 ἔστι
735 1243 774 1277 δὲ
799 1243 839 1278 ἐν
869 1244 921 1290 τῷ
949 1246 1138 1290 γυμνασίῳ
1171 1246 1318 1291 γραφή,
1353 1261 1438 1283 ται-

70 1307 134 1352 νίᾳ
156 1305 224 1352 τὴν
249 1304 413 1350 κεφαλὴν
435 1303 458 1349 ἡ
482 1302 650 1350 Κόριννα
672 1302 909 1350 α’ναδουμένη
933 1306 1001 1350 τῆς
1023 1306 1126 1350 νίκης
1149 1305 1268 1351 ἕνεκα,
1292 1304 1317 1354 ᾖ
1342 1311 1439 1344 Πίν-

70 1370 188 1416 δαρον
218 1365 352 1414 ᾅσματι
377 1365 540 1410 ἐνίκησεν
575 1365 614 1401 ἐν
639 1365 798 1411 Θήβαις·
837 1367 1010 1410 φαίνεται
1044 1366 1085 1402 δέ
1107 1381 1170 1412 μοι
1194 1371 1343 1415 νικῆσαι
1368 1372 1437 1416 τῆς

71 1429 265 1467 διαλέκτου
302 1440 340 1463 τε
364 1428 505 1468 εἵνεκα,
538 1425 595 1462 ὅτι
620 1422 708 1474 ᾖδεν
742 1425 786 1462 οὔ
816 1429 862 1474 τῇ
893 1430 1002 1476 φωνῇ
1034 1430 1080 1475 τῇ
1114 1432 1272 1477 Δωρίδι,
1314 1429 1435 1479 ὥςπερ

73 1492 94 1528 ὁ
118 1493 326 1538 Πίνδαρος,
361 1486 438 1524 ἄλλ’
462 1487 577 1524 ὁποῖα
612 1487 785 1533 συνήσειν
809 1487 956 1532 ἔμελλον
980 1489 1015 1524 οὶ
1040 1491 1199 1533 Αἰολεῖς,
1222 1493 1285 1527 καὶ
1310 1490 1368 1528 ὅτι
1392 1489 1438 1539 ἦν

69 1553 256 1599 γυναικοῖν
286 1551 361 1586 τῶν
391 1548 475 1585 τότε
498 1546 567 1594 ἥδε
598 1550 768 1594 καλλίστη
801 1550 844 1584 τὸ
870 1547 988 1592 εἶδος,
1022 1551 1061 1585 εἴ
1087 1566 1123 1586 τι
1155 1553 1215 1588 ἐπὶ
1239 1556 1288 1600 τῇ
1322 1554 1439 1591 εἰκόνι

70 1617 131 1652 δεῖ
149 1614 426 1660 τεκμαίρεσθαι.
460 1611 657 1655 Quinquies
681 1611 818 1645 victum
834 1612 958 1646 scribit
979 1613 1110 1647 Suidas
1134 1625 1162 1647 s.
1188 1627 1222 1649 v.
1248 1615 1435 1662 Κόριννατ

71 1675 214 1722 ἐνίκησε
237 1673 431 1717 πεντάκις,
467 1671 516 1712 ὥς
539 1671 663 1716 λόγος,
697 1673 904 1718 Πίνδαρον,
936 1673 999 1707 ubi
1024 1675 1175 1709 dubium
1206 1688 1284 1710 esse
1308 1682 1438 1721 potest,

69 1742 191 1772 utrum
216 1735 266 1777 ὥς
289 1733 396 1780 λόγος
419 1735 465 1769 ad
484 1733 658 1774 πεντάκις
682 1735 801 1768 solum
825 1745 870 1768 an
895 1735 941 1767 ad
961 1735 1166 1769 universam
1190 1738 1329 1772 famam
1353 1751 1437 1783 per-

68 1799 191 1834 tineat.
222 1792 302 1832 'Res
324 1798 402 1841 ipsa
426 1808 490 1840 per
514 1807 552 1829 se
576 1797 675 1829 haud
698 1795 929 1836 incredibilis,
955 1797 1019 1829 sed
1043 1796 1078 1829 in
1103 1799 1180 1831 sola
1205 1802 1326 1833 tamen
1351 1811 1437 1834 con-

68 1860 207 1895 iectura
238 1859 384 1893 videtur
413 1858 530 1902 posita
561 1858 674 1891 fuisse
697 1858 758 1890 vel
780 1857 984 1890 Pausaniae
1018 1858 1162 1891 tabulae
1187 1858 1306 1901 pictae
1330 1871 1435 1894 orna-

68 1926 147 1958 tum
177 1920 388 1966 explicantis
431 1921 491 1953 vel
536 1922 710 1964 exegetae
743 1917 950 1960 Tanagraei
991 1917 1227 1952 domesticam
1259 1922 1436 1963 poetriam

68 1985 166 2019 victo
198 1983 373 2018 Thebano
406 1984 491 2014 vate
522 1979 754 2014 nobilitaturi.
812 1978 955 2011 Etenim
985 1989 1110 2010 versus
1142 1985 1332 2022 supersunt
1364 1982 1435 2014 Co-

68 2045 192 2080 rinnae
215 2043 349 2088 ipsius,
381 2041 510 2085 quibus
533 2042 731 2085 Myrtidem
767 2039 932 2079 vellicat,
966 2039 1060 2081 quod
1085 2039 1215 2072 mulier
1247 2044 1332 2075 nata
1356 2053 1435 2075 cer-

67 2111 190 2142 tamen
225 2116 306 2138 cum
330 2103 487 2137 Pindaro
518 2113 588 2135 non
612 2100 888 2140 detrectaverit3
923 2100 969 2133 cf.
994 2100 1169 2134 Corinnae
1202 2101 1247 2135 fr.
1273 2102 1329 2136 12.
1361 2103 1434 2137 De-

69 2169 174 2203 lect:
592 2182 598 2191 .,

158 2223 352 2270 Μέμφομη
375 2222 416 2258 δὲ
439 2223 484 2268 κὴ
511 2220 684 2268 λιγουρὰν
707 2221 891 2268 Μουρτίδ’
916 2220 1050 2266 ἱώνγα,

160 2285 219 2323 ὅτι
242 2285 340 2332 βανὰ
365 2283 473 2330 φοῦσ’
499 2285 564 2331 ἔβα
593 2283 796 2330 Πινδάροιό
823 2283 903 2318 ποτ’
928 2283 1017 2329 ἔριν.

69 2352 114 2387 At
135 2353 175 2385 nt
198 2349 437 2384 confiteamur
468 2358 598 2382 verum
622 2358 721 2389 esse,
761 2347 855 2390 quod
880 2346 1155 2380 Welckerus
1184 2345 1285 2381 illius
1307 2357 1435 2383 narra-

67 2412 176 2448 tionis
211 2410 457 2456 integritatem
486 2408 674 2443 vindicans
715 2408 750 2442 in
788 2409 893 2442 docta
928 2409 971 2441 de
1005 2406 1161 2441 Corinna
1196 2408 1435 2453 disputatione

70 2473 240 2508 Crenzeri
264 2472 406 2506 Melea.
432 2471 481 2504 11.
515 2483 550 2515 p.
575 2470 621 2504 10
653 2481 750 2514 seqq.
786 2469 920 2504 inserta
953 2469 1139 2510 observat,
1180 2480 1249 2503 non
1288 2472 1435 2505 eosdem

72 2583 134 2628 ²²)
156 2584 336 2616 Ravennas
359 2588 441 2626 post
460 2582 661 2627 διατρίβειν
685 2581 784 2614 addit
808 2578 847 2614 ἐν
870 2578 1020 2625 ἐξουσίᾳ
1038 2578 1100 2612 καὶ
1118 2577 1308 2625 παρρησίᾳ
1325 2577 1435 2621 ἐστίν,

160 2640 249 2672 quae
281 2628 387 2661 verba
420 2629 510 2661 male
534 2628 677 2671 reliquis
702 2626 955 2668 interveniunt,
990 2637 1066 2657 cum
1100 2631 1258 2668 spectent
1283 2625 1325 2656 ad
1349 2626 1434 2657 Ari-

162 2672 385 2717 stophanica:
425 2670 578 2708 ἐνταῦθ’
602 2671 797 2717 ἀγοράζειν
828 2673 924 2705 τοῖσι
948 2670 1261 2713 Πελοποννησίοις
1283 2668 1431 2712 ἔξεστιν.

162 2718 258 2751 Idem
282 2719 393 2752 codex
417 2720 522 2753 verba
544 2716 708 2759 Ἀττικῶς
731 2737 775 2744 -
799 2717 846 2762 τῇ
869 2715 962 2760 λέξει
985 2728 1126 2761 prorsus
1151 2716 1300 2758 ignorat.

1020 2776 1164 2802 ******
