1751 2986
317 182 387 211 vm

318 273 380 308 Sic
404 285 486 307 cum
509 272 694 308 felicitatis
711 273 818 307 laude
841 272 943 307 vides
958 273 1104 318 pietatis
1127 277 1163 308 et
1179 273 1376 308 modestiae
1400 273 1678 308 admonitionem

318 335 555 369 coniunctam.
602 334 643 366 In
669 334 826 367 carmine
846 334 953 379 Pyth.
970 336 1016 368 11.
1035 330 1213 369 ‘bellicam
1236 335 1484 379 ludicramque
1508 335 1677 380 gloriam,

318 396 482 438 divitias,
518 395 714 438 potentiam
745 394 888 439 regiam
912 395 1082 430 Hieronis
1112 397 1254 438 laudat3
1286 396 1348 429 sed
1381 406 1462 428 cum
1488 392 1584 440 ὄλβῳ
1605 395 1679 428 sin-

318 455 441 501 gulari
466 454 679 498 sapientiam
704 456 929 489 coniunctam
953 459 1048 497 vult,
1081 469 1104 491 a
1128 469 1199 501 qua
1233 461 1309 491 tum
1340 456 1496 490 maxime
1529 457 1680 490 aberra-

318 517 383 551 bat
404 528 479 557 rex,
504 520 716 559 monetque,
741 528 784 549 ne
810 517 1021 550 crudelitate
1046 522 1079 551 et
1104 518 1357 561 cupiditatibus
1385 517 1507 560 pravis
1531 517 1566 551 in
1592 517 1680 550 deo-

317 589 399 611 rum
422 578 697 611 benefactorum
730 578 823 611 iram
847 577 1013 612 incurrat.
1069 579 1231 622 Denique
1257 579 1393 612 similia
1417 582 1495 612 sunt
1519 579 1681 612 carmina

317 639 425 683 Pyth.
449 640 506 672 lv.
533 643 567 672 et
590 640 650 680 V.‚
685 640 891 681 Arcesilan,
924 641 1148 684 Cyrenarum
1172 640 1271 685 regi,
1305 639 1449 683 scripta.
1495 639 1534 672 In
1559 639 1681 682 quinto

318 701 538 743 praestantia
564 697 675 745 ὄλβου
701 712 782 733 cum
798 701 990 735 virtutibus
1014 702 1189 736 coniuncti
1214 701 1363 734 canitur.
1402 701 1448 733 Et
1471 698 1581 745 ὄλβον
1600 701 1697 753 qui&p>

319 764 402 797 dem
436 763 600 807 intellige
629 762 791 804 divitias,
825 763 1020 806 potentiam
1054 764 1195 808 regiam
1231 767 1414 805 totamque
1439 773 1461 796 a
1484 762 1683 796 maioribus

317 823 488 858 traditam
519 824 713 863 fortunam,
739 824 783 857 ad
809 835 917 867 quam
944 836 1037 857 nunc
1064 825 1173 858 etiam
1197 824 1327 869 Pythia
1353 824 1506 857 victoria
1530 823 1681 858 accedit.

317 885 425 918 Hunc
457 882 566 931 ὄλβον
596 885 786 920 virtutibus
810 886 930 919 multis
965 887 1117 920 ornabat
1139 897 1221 929 rex,
1259 885 1317 928 qui
1351 884 1502 917 consilio
1526 884 1681 926 validus,

318 945 422 979 fortis
447 957 490 980 ac
513 951 692 987 strenuus,
723 947 945 981 musicarum
977 948 1107 981 artium
1132 951 1166 981 et
1196 947 1414 980 ludicrorum
1447 946 1682 979 certaminum

318 1008 453 1051 peritus
479 1013 582 1043 esset.
619 1010 719 1044 Idem
742 1020 828 1043 vero
853 1010 900 1042 ad
927 1010 1135 1053 superbiam
1157 1008 1361 1046 inclinabat,
1386 1018 1451 1039 nec
1478 1006 1546 1039 diis
1568 1018 1683 1050 quan-

318 1072 394 1102 tum
420 1069 567 1103 deberet
591 1081 734 1115 semper
758 1072 971 1113 recordans,
1000 1083 1065 1105 nec
1098 1070 1285 1103 hominum
1309 1069 1353 1100 de
1387 1078 1424 1100 se
1447 1068 1578 1102 merita
1600 1069 1683 1103 ubi-

318 1141 386 1173 que
410 1140 617 1176 agnoscens.
673 1134 794 1176 Quare
819 1145 927 1177 quum
961 1130 1329 1175 etiavalympicam
1351 1129 1543 1163 victoriam
1566 1131 1683 1164 medi-

316 1194 471 1233 taretur,
502 1194 697 1227 admonitio
727 1195 873 1238 pietatis
898 1200 932 1229 ot
956 1194 1155 1240 gratiarum
1188 1191 1315 1225 amicis
1341 1191 1562 1236 aur-igneque
1584 1192 1682 1226 refe—

315 1253 510 1287 rendarum
542 1255 703 1290 admixta
727 1261 780 1290 est
801 1257 911 1290 laudi.
969 1256 1173 1290 Indicantur
1198 1253 1310 1298 igitur
1342 1263 1430 1295 quas
1462 1253 1596 1287 habeat
1617 1264 1682 1287 rex

317 1317 354 1346 ot
373 1325 461 1357 quas
485 1316 624 1350 habere
649 1319 779 1352 debeat
801 1319 954 1352 virtutes
979 1315 1091 1363 ὄλβου
1118 1316 1246 1348 socias·
1294 1313 1456 1357 Denique
1484 1314 1519 1347 in
1548 1314 1682 1359 Pythio

317 1378 442 1417 quarto
467 1377 624 1419 primum
647 1379 751 1423 regia
783 1379 939 1423 dignitas
971 1379 1140 1412 laudatur
1164 1375 1414 1410 Battiadarum
1450 1379 1484 1409 et
1507 1376 1683 1411 Arcesilai

315 1435 476 1479 Apollini
498 1438 654 1472 maxime
680 1440 811 1482 debita,
837 1441 897 1483 qui
920 1452 1011 1474 nunc
1036 1439 1145 1472 etiam
1169 1437 1360 1471 victoriam
1383 1437 1555 1480 Pythiam
1579 1438 1682 1472 addi-

317 1495 385 1537 dit,
420 1497 546 1531 deinde
581 1511 666 1533 vero
699 1502 914 1545 gravissime
951 1500 1219 1534 commendatur
1250 1497 1377 1530 lenitas
1411 1502 1445 1531 et
1477 1499 1680 1540 clementia,

317 1568 428 1600 quum
461 1560 496 1592 in
521 1561 635 1593 turbis
662 1561 830 1594 civilibus
861 1566 967 1595 antea
996 1559 1081 1593 ortis
1114 1557 1320 1592 iracundius
1344 1558 1533 1592 saeviisset
1556 1571 1620 1593 rex
1646 1559 1683 1594 in

316 1618 498 1663 principes
523 1622 696 1663 quosdam
720 1622 819 1655 viros
852 1626 887 1655 et
915 1622 1093 1665 perditum
1116 1619 1184 1652 iret
1208 1630 1370 1663 regnum.
1418 1620 1555 1653 lterum
1579 1621 1684 1655 vides

317 1691 398 1713 cum
428 1681 572 1716 fortuna
603 1682 889 1715 moderationem
921 1681 1063 1714 laudari
1095 1680 1393 1724 coniungendam.
1451 1681 1564 1724 Atque
1589 1683 1683 1716 haec

316 1742 459 1785 quidem
482 1744 526 1776 de
551 1744 620 1777 his.
655 1744 744 1777 Sunt
768 1753 855 1776 vero
879 1741 913 1774 in
938 1743 1009 1775 hoc
1031 1754 1175 1787 genere,
1201 1742 1295 1785 quod
1312 1741 1546 1784 explicamus,
1570 1743 1682 1777 etiam

315 1800 411 1834 aliae
430 1802 607 1844 quaeda'm
623 1814 754 1837 suaves
769 1804 936 1837 rationes.
963 1804 1124 1836 Primum
1144 1803 1238 1836 enim
1254 1802 1427 1836 victoriae
1446 1805 1555 1837 decus
1572 1805 1682 1839 etiam

316 1863 577 1905 praemium
601 1864 672 1897 dici
695 1868 812 1908 potest
833 1865 1017 1904 virtutum,
1043 1874 1134 1906 quae
1163 1863 1198 1895 in
1224 1863 1360 1896 victore
1382 1865 1462 1898 sint.
1509 1867 1601 1900 Tale
1628 1870 1682 1901 est

317 1935 463 1958 carmen
489 1926 646 1968 01.111.‚
672 1926 733 1959 ubi
757 1927 938 1961 Theronis
956 1934 1088 1958 corona
1108 1922 1310 1966 praemium
1336 1925 1478 1968 pietatis
1502 1927 1632 1961 dicitur
1657 1938 1680 1962 a

317 1986 536 2030 Tyndaridis
561 1989 683 2021 datum
710 1999 775 2031 pro
800 1989 897 2021 cultu
912 1984 1182 2026 studiosissimo,
1208 1984 1364 2028 dignitas
1382 1991 1501 2021 autem
1527 1999 1681 2022 coronae

316 2047 482 2091 mythica
511 2049 714 2082 narratione
748 2049 958 2083 illustratur.
1006 2046 1067 2082 Sic
1099 2045 1194 2079 enim
1217 2057 1309 2078 nunc
1333 2048 1465 2081 clarius
1498 2049 1681 2093 explicue-

315 2106 387 2140 rim
410 2119 555 2141 sensum
576 2109 674 2142 illius
697 2109 876 2143 carminis.
923 2109 997 2143 Sed
1019 2107 1310 2152 magnificentius
1341 2112 1548 2154 exemplum
1571 2111 1681 2145 huius

314 2169 464 2202 rationis
488 2174 541 2203 est
556 2170 777 2204 Nemeaeum
801 2171 968 2214 primum.
1005 2170 1188 2203 Laudatur
1204 2170 1255 2202 ibi
1281 2170 1314 2203 in
1335 2172 1505 2205 Chromio
1524 2172 1680 2215 optima-

313 2239 394 2262 rum
417 2231 588 2264 virtutum
622 2231 796 2275 societas,
830 2232 1039 2276 prudentiae
1071 2231 1107 2264 in
1138 2231 1344 2265 divitiarum
1376 2245 1440 2266 usu
1466 2234 1680 2277 conspicuae

317 2293 353 2324 et
374 2291 592 2326 fortitudinis
614 2293 790 2334 bellicae3
816 2304 948 2327 corona
972 2297 1092 2327 autem
1112 2292 1296 2326 Nemeaea
1321 2298 1367 2335 et,
1393 2306 1500 2337 quam
1519 2306 1679 2340 augura-

314 2354 372 2386 tur
395 2357 521 2396 poeta,
547 2354 739 2399 Olympica
763 2356 965 2398 praemium
989 2355 1161 2388 virtutum
1186 2358 1259 2394 cst3
1284 2354 1441 2396 fruetur,
1467 2356 1537 2396 ait,
1562 2357 1680 2390 Chro-

316 2413 408 2447 mius
422 2415 566 2458 placida
580 2420 660 2460 post
678 2417 822 2450 labores
839 2416 913 2450 vita
931 2417 1152 2450 ludicrorum
1170 2416 1405 2449 certaminum
1423 2418 1562 2451 coronis
1578 2428 1679 2452 sum-

319 2475 388 2509 mis
412 2481 550 2511 ornata.
583 2478 698 2521 Atque
720 2478 882 2511 attendas
906 2479 1015 2512 velim
1041 2479 1087 2511 ad
1111 2481 1274 2511 ornatum
1299 2478 1577 2522 compositionis.
1612 2479 1678 2513 Di-

318 2537 434 2570 ximus
452 2549 560 2582 supra
580 2539 624 2572 dc
635 2539 942 2573 coniunctionibus
960 2540 1111 2573 duarum
1128 2539 1320 2579 virtutum;
1346 2540 1416 2572 hoc
1437 2551 1550 2585 genus
1569 2539 1680 2574 etiam

315 2598 376 2632 hic
401 2599 586 2641 adhibuit3
611 2602 674 2634 sed
698 2612 806 2644 quum
829 2611 940 2645 supra
964 2601 1150 2645 explicatis
1172 2601 1208 2634 in
1232 2600 1449 2634 carminibus
1470 2601 1679 2636 universum

315 2659 587 2696 fundamentum
612 2663 765 2697 duarum
788 2662 962 2696 virtutum
987 2664 1094 2697 laude
1116 2663 1347 2706 contineatur,
1371 2664 1441 2696 hoc
1461 2665 1540 2697 loco
1562 2665 1678 2698 altera

316 2733 399 2765 pars
427 2725 623 2760 sententiae
646 2724 822 2760 victoriae
837 2725 1056 2770 praedicatio
1080 2729 1144 2768 est,
1169 2727 1284 2762 altera
1302 2725 1390 2760 duas
1411 2725 1561 2760 virtutes
1576 2736 1676 2760 com-
