1751 2986
285 121 403 150 LXXIV

371 214 505 248 Natum
536 223 575 246 se
615 222 693 245 esse
733 214 896 254 tempore
925 210 1141 254 Pythiorum
1181 211 1350 243 testatum
1391 209 1536 253 reliquit
1566 209 1646 253 ipse

282 276 329 310 fr.
355 273 434 308 205.
457 274 639 313 Boeckh„
670 272 748 306 102.
774 271 911 304 Dissen.
927 297 937 313 ‚
961 272 1058 315 apud
1082 271 1246 304 Eustath.
1269 269 1326 303 27.
1352 282 1388 314 p.
1412 270 1469 304 17.
1503 270 1646 305 Vratisl.

284 348 318 380 p.
344 336 379 369 9.
405 337 486 369 coll.
511 335 605 368 Plut.
631 335 757 377 Symp.
783 333 882 375 vlll,
905 332 947 366 1:

829 392 1160 438 Πενταετηρὶς
1185 390 1330 437 ἓορτὰ

373 454 677 501 βουπομπός,
721 453 768 490 ἐν
809 449 833 502 ᾇ
871 456 1053 500 πρῶτος
1102 451 1351 497 εὐνάσθην
1394 449 1646 497 ἄγαπατὸς

956 513 1045 550 ’ὑπὸ
1073 513 1376 559 σπαργάνοις.

282 578 387 623 Quod
408 581 572 612 veterum
595 577 842 620 superstitiosa
865 577 997 621 religio
1033 576 1067 608 in
1088 575 1233 608 futurae
1264 575 1505 619 praestantiae
1529 576 1645 619 poeti-

282 651 347 673 cae
373 639 566 683 augurium
597 638 910 682 interpretabatur.
968 639 1152 680 Tempora
1175 640 1303 680 poetae
1334 648 1403 670 non
1426 637 1514 671 satis
1537 649 1644 671 accu-

281 705 360 735 rate
387 704 551 733 notarunt
575 704 717 733 veteres
741 699 982 744 grammatici.
1038 699 1099 733 Sic
1120 699 1284 732 Thomas
1316 710 1351 742 p.
1375 697 1418 731 4:
1456 698 1645 743 Τέθνηκεν

281 761 301 796 o‘
327 763 513 807 Πίνδαρος
534 759 575 802 ἓξ
601 760 665 794 καὶ
689 759 868 804 ἑξήκοντα
903 759 996 794 ἐτῶν
1019 757 1176 804 γεγονώς
1210 756 1261 803 [ἤ,
1288 757 1338 800 ὥς
1373 773 1480 803 τινες,
1504 759 1645 805 ὀγδοή-

281 824 409 866 κοντα]
435 822 495 858 ἐπὶ
518 821 683 867 Ἀβίωνος
704 819 882 866 ἄρχοντος
905 819 999 855 κατὰ
1025 820 1132 866 ἕκτην
1153 820 1218 855 καὶ
1242 819 1492 866 ὀγδοηκοστὴν
1508 821 1643 867 Ὀλυμ-

280 886 412 920 πιοὲδα.
459 885 568 918 Peius
600 884 709 917 etiam
733 883 945 916 Eustathius
968 882 1023 916 25.
1050 895 1085 927 p.
1111 883 1171 916 16:
1211 883 1401 929 Γενομένῳ
1426 882 1485 918 ἐπὶ
1511 882 1644 929 ἄρχον-

279 959 343 986 τος
374 945 540 991 Ἀβὶωνος
572 946 780 989 (voluerunt
810 945 968 987 Βίωνος,
998 957 1059 995 φιτ
1085 946 1139 979 01.
1164 946 1311 985 LXXX,
1335 945 1369 978 3.
1391 945 1541 979 Athenis
1564 946 1645 980 ma·-

279 1007 472 1052 gistratnm
497 1006 623 1052 gessit)
654 1005 751 1040 κατὰ
780 1002 869 1045 τοὺς
902 1005 1059 1050 χρόνους
1084 1004 1285 1050 Αἰσχύλου,
1319 1002 1347 1052 ᾧ
1378 1007 1441 1041 καὶ
1473 1006 1644 1051 συγγεγέ-

279 1082 408 1113 νηται,
442 1067 621 1112 ὁμιλήσας
651 1067 715 1102 καὶ
747 1065 983 1111 ἀπονάμενός
1005 1081 1040 1102 τι
1071 1068 1134 1102 καὶ
1157 1069 1224 1112 τῆς
1250 1066 1390 1103 ἐκείνου
1421 1072 1645 1113 μεγαλοφω-

278 1131 373 1170 νίας.
424 1129 592 1172 Τέθνηκε
617 1127 669 1170 δέ,
695 1125 755 1163 ὅτε
786 1128 833 1162 τὰ
860 1129 1022 1175 Περσικὰ
1045 1128 1203 1174 ἤκμαζε,
1235 1129 1331 1164 κατὰ
1355 1130 1425 1175 τὴν
1450 1129 1557 1175 ἕκτην
1580 1132 1644 1166 καὶ

279 1187 532 1234 ὀγδοηκοστὴν
559 1186 813 1234 Ὀλυμπιάδα,
845 1189 957 1235 ζήσας
982 1191 1043 1235 ἔτη
1073 1190 1115 1234 ἓξ
1138 1192 1201 1226 καὶ
1236 1190 1439 1236 ἑξήκοντα,
1470 1189 1567 1226 κατὰ
1602 1189 1644 1227 δὲ

279 1250 402 1292 ἐνίους
432 1250 677 1296 ὀγδοήκοντα.
735 1251 888 1286 Saniora
920 1266 954 1297 p.
980 1253 1035 1286 17.
1069 1253 1192 1286 affert:
1224 1251 1333 1287 Κατὰ
1364 1250 1434 1296 τὴν
1456 1253 1526 1286 τοῦ
1550 1252 1644 1299 Ξέρ-

277 1314 344 1354 ξου
369 1311 544 1356 διάβασιν
578 1310 714 1356 ἤκμαζε
739 1312 806 1357 τὴν
827 1314 984 1358 ἡλικίαν.
1020 1315 1218 1347 Praeterea.
1243 1313 1429 1348 Simonide
1452 1313 1642 1355 iuniorem,

277 1374 512 1408 vetustiorem
543 1373 767 1419 Bacchylide
798 1376 935 1416 dicunt3
970 1375 1193 1410 Simonidem
1226 1379 1347 1409 autem
1380 1378 1415 1408 et
1448 1375 1643 1409 Pindarum

276 1436 354 1469 fere
380 1436 551 1477 aequales
573 1435 706 1469 vixisse
731 1436 813 1470 inde
837 1436 1009 1478 effecere,
1034 1438 1130 1480 quod
1152 1440 1302 1480 uterque
1327 1436 1472 1469 easdem
1494 1448 1553 1469 res
1576 1448 1643 1481 ge-

277 1501 351 1530 stas
374 1497 503 1529 aetatis
527 1508 616 1530 suae
648 1497 827 1541 attigisset
848 1498 1116 1541 Ilieronemque
1147 1499 1415 1543 Syracusanum
1446 1509 1516 1531 una
1546 1498 1643 1531 adis-

277 1562 373 1600 sent,
397 1558 540 1591 Vratisl.
568 1570 600 1602 p.
627 1558 683 1591 10.
710 1561 875 1592 Eustath.
901 1572 935 1603 p.
963 1559 1018 1592 17.
1054 1561 1135 1593 eoll-
1161 1571 1253 1603 quae
1278 1559 1351 1592 dixi
1374 1559 1549 1593 Simonid.
1578 1557 1644 1592 Cei

277 1620 321 1653 fr.
351 1621 379 1652 l.
402 1620 612 1653 Accuratius
637 1621 787 1654 Suidas:
815 1620 981 1664 Γεγονὼς
1002 1621 1097 1655 κατὰ
1122 1620 1190 1664 τὴν
1212 1620 1258 1663 ξε’
1275 1618 1521 1664 Ὀλυμπιάδα,
1545 1621 1642 1655 κατὰ

276 1680 344 1724 τὴν
366 1681 506 1726 Ξέρξου
531 1684 725 1727 στρατείαν
750 1681 801 1716 ὢν
827 1682 917 1717 ἔτῶν
941 1681 1036 1726 μ’ὁ).
1088 1683 1190 1716 Unde
1214 1685 1325 1727 vulgo
1350 1684 1489 1715 natales
1514 1686 1642 1726 poetae

277 1744 333 1777 01.
360 1744 466 1785 LXV,
489 1744 522 1777 3.
548 1749 700 1787 ponunt,
726 1756 833 1787 quem
858 1747 1037 1778 calculum
1060 1750 1204 1789 praeter
1229 1748 1366 1778 ceteros
1392 1744 1642 1778 Clintonus
1690 1744 1694 1746 ’

276 1806 447 1848 sequitur.
502 1806 633 1838 Contra
668 1805 937 1839 Boeckhius
971 1806 1025 1839 Ol.
1052 1805 1180 1846 LXIV,
1213 1806 1244 1839 3.
1276 1806 1453 1839 defendit:
1499 1805 1643 1849 (tertius

275 1867 371 1900 enim
403 1878 515 1899 annus
543 1867 773 1911 Olympiadis
804 1867 936 1900 sistitur
969 1878 1033 1908 eo,
1070 1868 1165 1909 quod
1196 1868 1330 1911 Pythia
1362 1868 1466 1901 tertio
1500 1879 1641 1911 quoque

275 1940 367 1961 anno
388 1929 613 1972 Olympiadis
638 1933 719 1961 acta
744 1932 880 1961 constat
897 1928 1088 1972 incipiente
1103 1929 1220 1961 Attico
1245 1940 1367 1961 mense
1385 1929 1642 1972 Munychione,

275 1990 372 2023 veris
397 1994 579 2033 tempore3
604 1990 678 2023 vid.
703 1990 759 2023 Co
771 1990 884 2023 rsini
911 1991 1003 2023 Diss.
1027 1991 1141 2035 Agon.
1167 1991 1211 2032 11,
1238 1990 1330 2033 12.):
1366 2001 1473 2033 quem
1507 2001 1640 2024 annum

275 2063 358 2084 cum
383 2052 518 2085 Suidae
542 2052 744 2085 testimonio
769 2052 872 2085 unice
897 2064 1096 2097 congruere
1121 2056 1289 2086 accurato
1312 2056 1515 2096 temporum
1540 2064 1640 2086 com-

274 2117 358 2156 puto
383 2113 513 2145 effecit.

363 2173 494 2206 Suidas
527 2175 621 2216 quod
654 2174 849 2207 Pindarum
885 2174 1081 2207 decessisse
1111 2178 1233 2208 narrat
1265 2172 1357 2209 ἐτῶν
1388 2174 1457 2217 νε’,
1492 2187 1558 2219 pro
1594 2187 1638 2209 eo

272 2245 421 2267 numero
448 2234 553 2267 nimis
577 2236 733 2269 absurdo
758 2236 1037 2282 Bernhardy
1061 2236 1115 2271 νο’
1132 2238 1336 2281 ponendum
1361 2236 1515 2271 coniicit.
1559 2238 1639 2271 Vita

272 2295 445 2329 metrica:

361 2356 618 2392 Κάτθανεν
644 2353 923 2400 ὀγδώκοντα
946 2358 1264 2401 τελειομένων
1288 2356 1529 2393 ἐνιαυτῶν.

361 2453 446 2475 νον
479 2435 531 2475 εὖ
565 2439 873 2484 πράττοντος
904 2439 991 2484 ἔφη
1017 2442 1235 2483 δεῖσθαι,
1270 2437 1388 2474 ἀλλὰ
1413 2441 1491 2475 καὶ
1514 2441 1635 2485 προῖ-

362 2487 542 2528 ξαντος.
594 2487 820 2518 Desiderabat
845 2498 1008 2528 generum
1027 2500 1093 2518 non
1120 2488 1230 2519 solum
1250 2487 1464 2529 locupletem
1490 2495 1524 2519 et
1551 2489 1636 2520 bea-

361 2540 456 2573 tum,
482 2533 543 2564 sed
568 2533 626 2575 qui
652 2533 760 2574 probe
785 2532 941 2564 vixisset.
990 2533 1059 2565 Alii
1091 2530 1298 2577 πράξοντος
1323 2527 1363 2566 εὖ
1396 2534 1516 2576 legunt
1541 2541 1577 2566 et
1600 2534 1634 2567 in

365 2579 536 2610 diversum
562 2578 781 2609 intellectum
806 2578 1005 2619 explieunt3
1032 2579 1110 2610 vido
1136 2580 1178 2610 ad
1206 2579 1297 2609 Eust.
1325 2579 1346 2610 l.
1374 2590 1404 2610 c.

297 2624 334 2667 0)
358 2624 486 2656 Xerxis
515 2624 729 2656 invasionem
763 2630 975 2664 memorant,
1017 2625 1181 2667 quoniam
1214 2624 1400 2656 Pindarum
1436 2638 1512 2658 eum
1547 2627 1633 2660 alias

359 2677 433 2702 tum
459 2670 502 2702 sr.
526 2669 595 2703 inc.
620 2670 676 2703 94.
702 2669 775 2702 eius
801 2669 1010 2702 mentionem
1034 2671 1162 2703 secisse
1186 2669 1354 2702 sciebant.
