1751 2986
320 101 412 128 nxvl

320 193 387 227 nisi
411 192 522 227 etiam
563 191 670 226 altius
701 195 868 236 assurgat
901 191 1173 225 hermeneutica
1213 196 1248 227 et
1279 194 1485 228 examinata
1516 194 1685 229 universa

318 260 448 300 poetae
471 255 611 289 ratione
633 255 766 297 leges
791 263 986 285 summas
1012 255 1174 303 exploret
1197 258 1233 288 et
1256 255 1421 298 explicet,
1446 257 1493 288 ad
1517 267 1606 299 quas
1629 259 1686 289 to-

320 322 397 352 tum
422 319 493 350 hoc
518 327 631 361 genus
649 313 899 357 Epiniciorum
915 312 1177 347 conformatum
1203 319 1266 348 est.
1303 317 1406 359 Quae
1425 317 1568 360 quidem
1584 319 1687 363 leges

322 384 360 413 ut
384 378 533 412 inveniri
560 388 628 409 non
654 377 812 418 possunt,
836 372 903 405 nisi
926 372 1149 418 singulorum
1180 378 1381 411 carminum
1406 378 1599 422 explicatio
1624 391 1687 413 ac-

322 441 481 474 curatior
506 434 755 475 antecesserit,
792 433 841 467 ita
874 434 1042 469 inventae
1075 438 1272 480 plurimum
1304 437 1490 473 conferunt
1522 441 1568 473 ad
1591 442 1688 474 hanc

323 501 584 537 emendandam
609 502 643 530 et
667 496 905 537 firmandam,
935 501 975 529 ut
998 498 1128 532 iterum
1153 501 1307 533 eundem
1338 502 1463 535 orbem
1488 502 1688 545 videamus,

323 575 429 608 quem
453 562 490 594 iu
512 564 587 593 toto
612 557 869 601 interpretandi
893 559 1037 601 negotio
1064 561 1351 595 observavimus.
1399 565 1480 597 Hae
1496 575 1584 598 vero
1608 567 1688 599 sola

322 626 384 660 via
409 625 455 658 ad
469 632 651 655 summum
670 620 780 652 finem
797 619 971 660 tenditur3
997 620 1170 654 intramus
1190 623 1224 655 in
1252 623 1368 667 ipsam
1389 624 1576 659 officinam
1600 637 1689 669 poe-

322 693 382 722 tae
406 690 442 720 et
465 688 605 718 secreta
620 681 706 716 artis
728 681 871 715 divinae
890 686 1106 725 spectamus,
1133 694 1225 726 quae
1244 688 1294 717 tot
1313 685 1512 729 magnifica
1527 688 1690 721 carmina

321 749 436 784 finxit.
490 748 594 780 Haec
619 755 689 788 ego
713 755 857 777 mecum
881 749 1068 787 replumi-5,
1102 757 1145 778 ne
1169 757 1311 779 summo
1338 747 1462 781 officio
1486 748 1690 792 interpretis

323 813 430 856 plane
454 807 610 843 defuisse
633 806 788 847 viderer,
812 805 1109 839 Dissertationem
1133 818 1242 850 supra
1266 809 1399 849 lectam
1423 808 1568 850 tentavi,
1592 811 1690 851 post-

323 875 395 907 hac
420 873 465 905 ab
492 870 573 903 aliis
596 867 700 901 novis
720 867 814 900 curis
832 868 1048 912 augendam.
1085 868 1230 902 l’oetica
1247 873 1411 903 veterum
1428 870 1691 913 perfectissima

321 935 411 976 fuit,
442 933 543 966 cuius
574 932 675 974 leges
706 931 832 972 quales
862 929 996 963 fuerint
1020 931 1209 973 explorare
1244 933 1340 965 omni
1363 931 1482 964 studio
1505 932 1690 974 debemus,

325 1007 369 1030 ac
392 995 422 1027 si
447 995 566 1037 plures
591 991 660 1024 viri
685 991 779 1023 docti
805 992 851 1024 ad
882 991 1141 1034 interpretandi
1163 993 1322 1026 studium
1345 1004 1384 1026 se
1421 993 1634 1026 contulerint
1656 996 1690 1028 et

324 1058 419 1090 hanc
441 1058 569 1095 artem,
594 1056 633 1086 ut
657 1053 770 1094 decet,
797 1053 981 1094 coluerint,
1006 1064 1072 1085 non
1099 1054 1219 1087 dubito
1243 1056 1359 1087 multa
1390 1055 1426 1087 iu
1451 1055 1564 1098 poetis
1587 1058 1691 1098 pate-

324 1119 463 1152 factum
487 1115 550 1156 iri,
585 1115 629 1147 dc
660 1114 788 1156 quibus
812 1114 919 1147 hodie
944 1125 1048 1147 nemo
1084 1116 1231 1160 cogitat.
1288 1117 1382 1150 Nam
1405 1117 1452 1149 ab
1477 1116 1692 1160 interpreta-

326 1181 421 1215 tione
445 1177 607 1222 diligenti
632 1176 752 1209 omnia
777 1176 957 1218 proficisci
981 1176 1130 1217 debent;
1166 1178 1259 1210 haec
1284 1181 1338 1210 est
1362 1177 1509 1220 propria
1531 1178 1690 1220 philolo-

327 1253 458 1287 gotum
491 1251 568 1280 ars,
600 1237 883 1281 philosophandi
921 1236 1109 1270 scientiam
1140 1250 1249 1281 quum
1282 1240 1391 1272 etiam
1424 1238 1488 1272 alii
1517 1240 1690 1282 habeant,

327 1301 628 1347 quemadmodum
659 1299 767 1331 etiam
794 1310 856 1330 nos
891 1299 936 1331 ad
961 1300 1078 1342 ipsam
1095 1300 1244 1334 Pindari
1271 1300 1604 1344 interpretationem
1630 1314 1690 1336 re-

327 1365 537 1400 vocavimus
557 1361 690 1402 omnia,
716 1371 807 1404 quae
829 1359 995 1393 diximus.
