1751 2986
0 155 2 177 ν
1302 146 1409 174 xxxv

47 230 105 265 01.
129 230 192 264 lx.
215 230 315 265 urbis
339 230 491 275 opuntis
512 231 646 272 honos,
681 230 743 265 ubi
777 231 913 275 primus
936 236 972 266 et
993 243 1151 267 summus
1173 236 1408 280 Epharmosti

0 291 1 311 ¹
43 293 144 333 laus3
169 302 212 326 ac
237 303 346 337 quum
370 292 473 327 Nem.
489 293 551 326 ΠΙ.
573 292 681 326 etiam
705 293 785 326 lovi
808 294 1016 329 honorando
1039 295 1187 331 fabulae
1210 297 1407 334 inserviant

0 319 2 408 ,
42 356 84 387 'ut
106 356 222 388 totum
252 364 417 397 carmen,
449 355 613 399 proprior
643 357 763 388 tamen
795 355 878 388 finis
912 360 965 390 est
992 356 1072 399 hic,
1105 361 1145 391 ut
1166 357 1405 395 Aristoclidae

0 409 2 473 J
40 413 154 448 virtus
177 415 390 449 declaretur.
444 416 505 450 Sic
528 416 639 450 etiam
671 416 761 449 illud
784 416 984 461 intelligas,
1016 429 1087 460 quo
1112 419 1192 453 iure
1215 431 1325 465 saepe
1349 422 1405 455 di-

39 474 155 509 xerim
180 476 269 509 duas
292 488 351 510 res
374 477 507 520 pariter
529 477 565 510 in
590 477 717 511 fabula
741 477 862 520 aliqua
885 477 1011 520 inesse,
1037 480 1100 514 ubi
1123 480 1248 514 titulus
1266 481 1407 516 nonnisi

40 546 149 570 unum
173 538 340 577 exhibet,
365 538 476 572 veluti
498 538 600 572 Nem.
625 539 684 579 V„
716 550 827 582 quum
851 540 1052 574 castitatem
1076 541 1179 575 Pelei
1202 547 1238 576 et
1261 543 1403 587 nuptias

39 597 188 631 laudare
221 599 352 641 vellet,
384 599 420 632 h.
447 610 478 632 e.
503 599 673 633 virtutem
702 600 875 643 praemiis
900 601 1041 635 eximiis
1065 607 1248 645 ornatam,
1280 608 1403 638 tamen

40 659 162 692 omnia
184 660 231 693 ad
255 660 460 704 nuptiarum
483 660 658 694 rationem
682 666 915 704 revocantur,
950 667 989 695 ut
1012 664 1120 706 Pyth.
1148 664 1186 695 V.
1215 665 1260 697 ad
1285 664 1403 698 felici·-

39 721 151 753 tatem
174 720 286 762 Batti,
321 721 384 754 ubi
407 722 616 754 societatem
641 721 785 764 pietatis
809 726 844 755 et
868 723 1051 757 felicitatis
1077 724 1287 767 praedicare
1312 727 1403 760 vult.

15 778 215 827 'Nimirum
238 785 276 815 ut
298 781 415 815 unitas
441 782 551 824 adsit,
583 781 713 825 ubique
739 782 784 815 ad
816 793 928 816 unum
953 784 1064 817 finem
1095 796 1270 818 revocare
1296 787 1404 821 debet

35 851 129 886 quae
152 843 272 885 plures
295 842 386 876 fines
406 843 552 876 habent.
607 843 709 886 Quae
735 844 877 886 quidem
902 845 1021 878 omnia
1057 856 1165 888 quum
1199 857 1308 890 saepe
1334 859 1401 880 non

17 901 409 937 animadverterentur
432 907 468 938 et
487 904 792 949 distinguerentur
816 915 838 937 a
863 905 1057 939 lectoribus
1080 906 1238 948 Pindari,
1265 918 1287 941 a
1307 910 1402 943 mul-

74 974 155 997 rum
177 963 387 998 fabularum
410 976 499 998 vero
521 976 624 998 sensu
650 966 857 999 aberratum
882 970 958 1007 est,
983 977 1026 999 ac
1051 979 1160 1010 quum
1185 969 1297 1003 etiam
1321 975 1402 1014 post

12 959 200 1100 Fal-ratas
216 1025 376 1067 fabulas,
398 1026 462 1060 ubi
480 1027 525 1060 ad
546 1027 699 1060 directas
724 1028 850 1060 laudes
870 1027 990 1061 redire
1007 1030 1095 1068 vult,
1120 1030 1243 1064 varias
1269 1042 1400 1065 causas

33 1089 236 1130 praetexat,
267 1087 456 1120 aberrasse
488 1097 527 1120 se
552 1087 705 1132 fingens,
731 1088 792 1121 ubi
816 1089 1027 1134 peregrinos
1052 1094 1113 1123 aut
1137 1102 1291 1136 peregre
1316 1104 1400 1135 pro-

31 1145 149 1182 tectos
178 1148 310 1182 heroes
342 1147 488 1189 cecinit,
528 1152 564 1181 et
596 1159 688 1191 quae
717 1154 797 1183 sunt
828 1150 901 1183 alia
932 1151 1106 1192 iucunda,
1137 1152 1256 1196 magis
1289 1153 1399 1186 etiam

31 1208 237 1243 confimati
268 1208 303 1242 in
336 1220 458 1243 errore
486 1211 680 1243 haeserunt
710 1211 855 1253 plurimi
887 1211 921 1244 in
947 1211 1004 1244 his
1034 1211 1198 1244 formulis
1232 1216 1267 1246 et
1292 1224 1398 1248 orna-

31 1270 160 1304 mentis
190 1271 334 1315 poesios
363 1270 596 1312 Pindaricae,
629 1282 695 1304 nec
727 1272 815 1304 satis
854 1273 1080 1306 attenderunt
1111 1273 1157 1306 ad
1191 1273 1397 1308 interiorem

29 1330 240 1365 fabularum
263 1332 439 1366 rationem
463 1332 607 1365 aliunde
633 1333 933 1376 cognoscendam.
989 1334 1069 1376 Quo
1094 1334 1213 1378 magis
1237 1335 1329 1369 mihi
1353 1336 1397 1369 de

30 1391 102 1426 hnc
125 1404 165 1427 re
192 1393 370 1437 explicate
394 1393 585 1426 dicendum
609 1393 686 1426 fuit.

123 1454 287 1488 Secundo
311 1455 392 1488 loco
416 1455 472 1488 de
502 1455 691 1488 delectu
723 1458 766 1488 et
787 1458 953 1487 ornatu
989 1466 1143 1489 rerum
1167 1456 1323 1500 lyrico
1347 1458 1396 1491 si-

29 1514 205 1560 gnificavi
225 1526 285 1548 me
301 1513 555 1559 expositurum.
591 1516 709 1558 Quum
736 1515 830 1548 enim
854 1527 897 1548 ex
914 1516 1080 1549 formulis
1104 1522 1138 1551 et
1161 1517 1270 1551 titulis
1286 1529 1397 1562 supra

27 1575 192 1610 tractatis
221 1575 370 1610 interior
399 1586 524 1610 sensus
547 1575 755 1610 fabularum
780 1578 992 1620 plerumque
1026 1579 1195 1622 cognosci
1220 1590 1288 1612 non
1313 1591 1396 1623 pos-

27 1635 94 1678 sit,
125 1647 235 1680 quam
263 1636 422 1671 maxime
453 1638 500 1671 ad
530 1642 690 1671 ceteram
723 1638 973 1671 tractationem
1010 1640 1194 1673 attendere
1219 1640 1395 1684 interpres

27 1696 147 1738 debet,
172 1708 264 1741 quae
279 1709 442 1733 summae
458 1699 654 1733 sententiae
679 1699 848 1732 carminis
865 1701 1139 1734 accommodata
1165 1705 1217 1734 est
1241 1702 1395 1745 ubique;

26 1757 112 1792 hine
133 1758 247 1803 igitur
269 1758 406 1794 discere
429 1760 548 1803 debet,
572 1761 657 1804 quid
681 1762 770 1794 velit
792 1761 930 1794 fabula.
973 1762 1082 1796 Redit
1106 1767 1229 1796 autem
1253 1774 1394 1797 summa

26 1818 82 1852 rei
111 1820 158 1853 ad
189 1820 480 1854 observationem
509 1822 623 1854 hanc:
656 1821 790 1865 Epicus
825 1827 932 1866 poeta
969 1834 1092 1856 omnes
1117 1828 1238 1867 partes
1260 1809 1394 1866 rerum,

27 1890 118 1924 quas
133 1884 276 1924 tractat,
299 1885 450 1927 tangere
469 1886 572 1916 amat
587 1886 694 1926 atque
711 1883 821 1916 etiam
846 1884 987 1917 minora
1003 1885 1161 1918 studiose
1180 1885 1396 1928 exsequitur,

26 1941 258 1986 explicatam,
277 1943 376 1975 nullo
394 1940 430 1974 in
448 1943 528 1975 loeo
547 1941 715 1975 mancam
731 1944 978 1977 narrationem
994 1944 1236 1982 exhibiturum
1259 1945 1395 1988 lyricus

25 2013 135 2047 quum
157 2003 304 2037 fabum
328 2013 398 2036 non
414 2003 572 2046 ipsarum
598 2013 707 2036 causa
725 2003 868 2046 afferat,
887 2005 949 2037 sed
969 2008 1117 2047 propter
1135 2005 1246 2037 alium
1269 2005 1394 2047 finem,

25 2065 201 2108 exemplis
215 2064 388 2108 mythicis
407 2065 479 2097 hoc
497 2065 559 2098 vel
570 2064 660 2098 illud
679 2065 873 2105 illustrans,
892 2066 1157 2107 commendans,
1172 2065 1392 2108 dissuadens,

25 2122 305 2158 consentaneum
328 2127 382 2158 est
405 2134 449 2156 ea
471 2127 611 2157 tantum
635 2125 682 2157 ab
707 2135 749 2157 eo
771 2125 859 2169 eligi
885 2130 919 2158 et
937 2125 1168 2168 amplificari,
1192 2136 1285 2169 quae
1307 2136 1391 2158 con-

23 2183 106 2219 n'lio
137 2184 318 2229 proposito
346 2185 580 2227 conveniant,
611 2185 727 2218 omitti
761 2196 847 2218 vero
883 2190 945 2220 aut
979 2186 1142 2220 breviter
1164 2187 1266 2232 tangi
1299 2197 1391 2230 quae

23 2255 118 2280 nunc
136 2245 278 2281 ’nullam
301 2246 377 2280 vim
400 2245 571 2279 habeant.
625 2246 740 2289 Atque
765 2247 801 2280 in
825 2247 897 2279 hoc
921 2247 1121 2281 maximum
1151 2248 1244 2282 inest
1266 2249 1392 2293 epicae

24 2307 62 2341 d
81 2307 222 2352 lyricae
243 2306 467 2341 tractationis
481 2306 685 2340 discrimen.
719 2308 821 2351 Quae
845 2319 902 2341 res
926 2319 1035 2351 quum
1059 2320 1128 2341 non
1152 2309 1265 2352 possit
1285 2309 1392 2343 aliter

24 2368 202 2412 explicui
228 2379 337 2413 quam
360 2368 554 2412 exemplis,
585 2379 678 2402 nunc
701 2369 814 2402 instar
839 2368 1000 2402 omnium
1032 2380 1176 2402 carmen
1200 2369 1307 2414 Pyth.
1333 2370 1390 2403 lv.

24 2429 340 2464 eumden-abimus.
379 2429 436 2464 lbi
451 2429 628 2464 Pindarus
641 2430 938 2475 Argonautarum
956 2430 1221 2474 expeditionem
1240 2441 1391 2464 narrans

4 2500 95 2538 uon
121 2491 224 2535 epico
246 2502 349 2527 more
374 2493 592 2536 populorum
613 2503 734 2525 mores
765 2495 801 2526 et
825 2502 929 2525 casus
960 2502 1084 2525 omnes
1104 2491 1242 2525 itineris
1264 2503 1390 2535 perse-

24 2551 156 2595 quitur,
180 2553 244 2586 sed
271 2563 383 2597 quum
406 2552 485 2596 ipse
508 2551 647 2586 Iasonis
669 2554 836 2597 exemplo
855 2553 1080 2587 Arcesilaum
1104 2554 1150 2586 ad
1172 2554 1391 2587 moderatio-

25 2622 107 2647 nem
130 2613 271 2648 hortari
303 2615 436 2656 vellet,
467 2614 542 2648 hue
571 2624 715 2649 omnem
741 2614 992 2650 tractationem
1022 2614 1219 2649 revocavit.
1273 2614 1391 2660 Igitur

1015 2673 1083 2698 *ῆι*
1096 2676 1122 2714 2
