1751 2986
562 135 871 176 OLYMPlA
910 135 967 175 11.
1390 135 1442 175 17

118 249 182 295 65
217 242 364 292 κεινὰν
395 242 516 306 παρὰ
550 244 741 291 δίαιταν·
787 240 900 289 ἄλλα
934 240 1054 305 παρὰ
1087 242 1168 304 μὲν
1199 242 1358 303 τιμίοις

214 316 356 370 θεῶν,
401 313 558 370 οἷ’τινες
601 312 775 373 ἔχαιρον
818 308 1066 373 εὐορκίαις,
1120 308 1321 373 ἄδακρυν
1364 309 1436 358 νέ-

747 396 901 438 μονται
1370 388 1437 422 120

214 448 373 494 αἰῶνα·
425 446 495 492 τοὶ
528 443 568 492 δ’
601 443 904 507 οἷπροςόρατον
937 443 1133 507 ὀκχέοντι
1167 444 1319 493 πόνον.

210 543 312 593 ὅσοι
345 544 385 593 δ’
417 545 658 606 ἐτόλμασαν
691 546 827 606 ἑςτρὶς
1242 543 1346 592 'Am
1382 547 1433 594 δ’.

212 613 448 675 ἑκατέρωθι
474 614 692 674 μείναντες
722 611 811 659 dm}
839 611 1021 672 πάμπαν
1043 609 1205 659 ἀδίκων
1225 614 1332 675 ἔχειν
1369 625 1433 657 125

115 686 178 731 70
211 681 375 743 ψυχάν,
410 681 574 728 ἔτειλαν
597 678 709 738 Διὸς
738 678 848 727 ὁδὸν
882 677 1003 740 παρὰ
1031 678 1218 741 Κρόνου
1250 680 1429 743 τύρσιν·

742 748 851 794 ἔνθα
884 746 1092 807 μακάρων

212 813 349 881 νοξσος
382 812 611 871 ὠκεανίδες

210 882 345 944 αὐραι
367 882 676 943 περιπνέοισιν,
709 878 881 940 ἄνθεμα
902 881 949 926 δὲ
971 884 1148 941 χρυσοῦ
1164 881 1328 942 φλέγει,
1367 892 1430 924 130

207 947 260 996 τὰ
289 949 368 1011 μὲν
401 948 614 1012 χερσόθεν
647 946 721 995 ἀπ’
754 945 928 1008 ἀγλαῶν
961 948 1196 1010 δενδρέων,
1231 946 1355 1010 ὕδωρ
1391 947 1431 994 δ’

741 1013 853 1061 ἄλλα
887 1015 1052 1077 φέρβει,

209 1080 383 1145 ὅρμοισι
410 1087 497 1131 τῶν
524 1083 653 1146 χέρας
684 1081 968 1130 ἀναπλέκοντι
1000 1083 1074 1129 καὶ
1105 1081 1304 1145 κεφαλὰς
1366 1093 1428 1126 135

109 1188 172 1232 75
206 1188 390 1245 βουλαῖς
422 1184 466 1231 ἐν
499 1182 658 1244 ὀρθαῖς
686 1181 1037 1244 Ῥαδαμάνθυος,
1244 1181 1337 1229 ’Em
1375 1183 1425 1230 δ’.

206 1250 259 1299 ὃν
291 1249 434 1316 πατὴρ
469 1251 551 1312 ἔχει
587 1249 765 1312 Κρόνος
799 1251 970 1312 ἑτοῖμον
1005 1248 1126 1316 αὐτῷ
1157 1249 1391 1313 πάρεδρον,

117 1385 147 1407 ν.
161 1374 215 1407 71.
233 1373 346 1408 νᾶσον
359 1393 401 1398 -
420 1385 451 1407 v.
473 1374 527 1406 72.
546 1372 817 1418 περιπνέουσιν,
843 1392 888 1400 -
912 1385 945 1405 ν.
964 1373 1018 1406 74.
1044 1370 1107 1406 καὶ
1123 1369 1320 1415 στεφάνοις

72 1463 157 1502 gata
179 1458 328 1491 lectione
351 1456 524 1501 νέμονται
547 1457 673 1501 βίοτον
697 1457 820 1501 optimi
851 1457 932 1490 libri
951 1455 1144 1502 δέρκονται
1167 1456 1309 1499 habent,
1334 1457 1426 1490 unde

72 1504 347 1537 Wfistemannus
380 1503 529 1536 coniecit
552 1502 744 1544 δέκονται,
777 1503 921 1536 Geelius
945 1513 1056 1545 nuper
1080 1500 1279 1546 δρέπονται
1304 1502 1339 1534 in
1365 1502 1427 1536 Bi-

71 1549 253 1582 bliotheca
277 1549 362 1583 crit.
386 1548 474 1582 Nov.
503 1548 579 1581 Vol.
605 1549 651 1582 ll.
686 1561 717 1592 p.
743 1548 798 1581 58.
846 1548 1003 1591 Utraque
1027 1547 1228 1580 coniectura
1251 1547 1426 1590 displicet,

72 1605 182 1637 quum
208 1594 263 1627 vel
286 1594 337 1628 sic
362 1593 467 1627 nimis
491 1593 610 1626 simile
635 1594 680 1627 sit
705 1594 822 1627 statim
847 1605 996 1637 sequens
1018 1592 1199 1636 νέμονται.
1236 1592 1281 1625 At
1299 1592 1427 1638 δέρκε-

71 1641 164 1674 σθαι
186 1640 268 1684 βίον
291 1637 550 1685 ἀπονέστερον,
574 1638 772 1673 facilem
796 1639 1076 1682 felicemque
1101 1638 1239 1672 vitam
1265 1638 1426 1682 videre,

69 1685 250 1730 eleganter
273 1685 406 1720 dictum
431 1691 484 1719 est
518 1690 553 1718 et
576 1685 730 1718 suaviter
755 1689 831 1729 post
863 1682 968 1719 ἅλιον
993 1684 1144 1728 ἔχοντες.
1194 1683 1357 1727 Geelius,
1395 1686 1426 1718 si

68 1734 231 1765 teneatur
253 1729 485 1776 δεδόρκαντι,
508 1734 602 1763 certe
621 1731 768 1775 iungere
789 1730 890 1764 malit
914 1727 1017 1764 ἅλιον
1041 1727 1261 1775 δεδόρκαντι
1283 1735 1318 1763 et
1341 1731 1425 1775 βίον

69 1775 213 1820 ἔχοντες
235 1777 316 1811 coll.
344 1777 402 1812 01.
426 1777 461 1817 Ι,
485 1775 562 1817 59.,
598 1775 818 1809 incommode
850 1781 984 1809 mutata
1008 1776 1144 1809 ratione
1169 1775 1424 1818 membrorum,

68 1833 178 1866 quum
200 1822 251 1856 sic
275 1822 390 1867 potior
411 1821 583 1856 sententia
615 1826 649 1854 et
674 1832 764 1865 quae
787 1822 906 1856 statim
941 1821 1102 1865 pluribus
1134 1821 1332 1864 explicatur
1363 1833 1424 1865 per

68 1867 292 1912 participium
315 1867 525 1909 adficiatur,
547 1868 696 1900 verbum
719 1867 856 1900 finit-nu
882 1872 998 1900 autem
1023 1867 1153 1901 habeat
1176 1867 1308 1908 altera,
1333 1879 1424 1910 quae

67 1912 290 1957 participium
309 1913 493 1947 desiderat.
526 1912 743 1956 Compositio
768 1909 873 1947 ἅλιον
897 1912 991 1956 ἔχειν
1014 1924 1082 1945 non
1105 1912 1205 1945 video
1225 1922 1288 1944 cur
1304 1912 1424 1947 ieiuna

68 1959 229 1993 videatur
261 1959 339 1993 viro
362 1959 516 2002 optimo,
551 1969 660 2002 quum
692 1958 773 1992 ἴσον
797 1956 1006 1998 νύκτεσσιν,
1040 1958 1102 1991 ἴσα
1133 1953 1164 1991 δ’
1200 1954 1239 1990 ἐν
1267 1954 1422 2001 ἁμέραις

68 2004 245 2039 adiectum
267 2005 323 2040 sit.
373 2004 545 2049 [Boeckh.
580 2003 622 2036 de
654 2003 746 2037 Crisi
779 2004 879 2037 Pind.
919 2016 951 2047 p.
979 2001 1056 2035 109.
1101 2003 1291 2045 Vulgatam
1327 2001 1422 2048 α’λκᾷ

66 2050 182 2094 χερῶν
204 2061 248 2083 ex
270 2050 426 2094 imperiti
448 2048 587 2083 metrici
611 2049 828 2082 correctione
856 2048 1050 2093 profectam
1077 2059 1157 2080 cum
1182 2047 1284 2081 bonis
1318 2048 1422 2083 libris

69 2095 270 2129 emendavit
291 2095 503 2129 Boeckhius.
536 2093 660 2137 SCH.]

157 2151 189 2173 v.
213 2139 270 2173 71.
316 2141 444 2184 [νᾶσος
467 2141 611 2184 (margo
634 2138 710 2171 cod.
724 2137 882 2181 Gotting.
910 2134 994 2170 ἀντὶ
1016 2134 1208 2180 νήσους)
1238 2136 1323 2171 libri
1346 2148 1420 2171 ine-

64 2184 182 2219 liores.
209 2185 320 2219 Pauci
334 2185 457 2219 νᾶσον.
488 2186 567 2229 Ego
584 2183 697 2223 νᾶσος
721 2182 847 2225 scripsi
864 2194 944 2215 cum
961 2183 1037 2216 Pal.
1051 2182 1091 2216 C.
1113 2187 1148 2216 et
1164 2193 1279 2228 marg.
1295 2183 1419 2224 Hafa„

65 2231 158 2275 quod
180 2230 271 2264 ratio
295 2230 418 2275 exigit.
464 2229 550 2263 Vide
573 2228 764 2262 Ahrentem
789 2229 832 2261 de
855 2227 950 2261 Dial.
976 2228 1061 2261 Dor.
1088 2240 1121 2272 p.
1146 2227 1192 2262 30
1215 2229 1304 2273 seq.]

154 2286 189 2309 v.
213 2275 271 2309 74.
320 2276 442 2321 [Quod
474 2287 495 2309 e
519 2285 691 2309 consensu
712 2273 888 2306 librorum
912 2273 1082 2306 edebatur
1107 2274 1306 2318 στεφάνοις
1323 2273 1418 2308 Boe-

63 2320 189 2356 ckhius
204 2322 362 2366 ineptum
386 2321 567 2362 iudicavit,
592 2331 701 2364 quum
723 2330 788 2353 nec
812 2315 920 2365 ὅρμοι
937 2318 1101 2353 differant
1120 2330 1141 2353 a
1162 2318 1361 2364 στεφάνοις
1384 2323 1419 2354 et

64 2367 221 2412 capitum
242 2367 418 2412 imprimis
440 2366 573 2400 mentio
597 2365 822 2399 desideretur.
860 2366 980 2409 Quare
1003 2375 1046 2397 ex
1064 2364 1218 2399 Scholiis
1241 2365 1334 2399 eruit
1355 2378 1420 2400 κε-

65 2412 200 2458 φαλάς.
247 2413 378 2447 Contra
401 2424 511 2457 quum
534 2413 758 2446 Hermannus
783 2408 969 2453 στεφάνας
988 2429 1032 2435 -
1057 2409 1221 2455 στεφάνη
1246 2411 1340 2445 enim
1365 2414 1418 2445 est

65 2470 114 2493 ca
143 2469 250 2503 pars
282 2459 474 2502 capitis,
507 2457 582 2492 cui
614 2466 783 2490 corona
819 2455 1099 2500 imponitur,
1124 2476 1169 2481 —
1193 2457 1419 2491 scribendum

64 2503 309 2548 praecepisset,
331 2503 401 2538 nisi
424 2505 514 2537 forte
534 2500 742 2546 στεφάνους
766 2501 887 2534 eodem
906 2501 1086 2534 intellectu
1105 2501 1275 2536 usitatum
1297 2502 1418 2544 fuerit,

63 2549 266 2583 Boeckhius
299 2560 400 2584 suam
432 2549 642 2593 scripturam
677 2547 856 2582 vindicare
879 2547 1012 2581 studuit
1035 2546 1152 2590 Expll.
1178 2547 1216 2580 h.
1242 2549 1266 2581 l.
1291 2560 1325 2592 p.
1350 2547 1417 2581 131

64 2606 137 2638 seq.
183 2595 260 2629 Non
282 2595 377 2628 male
398 2595 606 2629 Karstenius
629 2591 843 2639 κροτάφους
867 2592 1026 2626 coniecit.
1059 2591 1182 2636 SCH.]

155 2651 188 2674 v.
211 2639 268 2673 ⁷6.
317 2641 402 2684 [Pro
432 2652 466 2674 v.
490 2639 635 2687 Κρόνος
669 2637 894 2683 grammatici
927 2637 1154 2672 Alexandrini
1187 2638 1351 2681 legerunt
1381 2636 1418 2670 id

62 2685 154 2729 quod
186 2686 397 2720 vetustiores
427 2686 538 2720 libros
571 2685 753 2730 occupavit
785 2684 873 2730 γῆς,
909 2683 1008 2718 cuius
1043 2683 1278 2727 expediendae
1311 2693 1418 2718 causa

111 2731 210 2765 Pind.
237 2731 347 2765 Carm.
373 2733 464 2765 Sect.
480 2733 507 2765 I.
1122 2730 1148 2768 2
