1751 2986
305 177 396 231 pori
423 177 688 217 attentissime
715 177 971 230 perlegerunt
997 176 1129 217 omnia
1155 181 1196 216 et
1223 177 1522 225 examinarunt,
1551 182 1667 218 ante—

307 255 423 295 quam
459 243 564 294 typis
594 242 864 290 traderentur,
904 247 1022 293 atque
1050 242 1168 281 etiam
1197 243 1472 282 annotationes
1501 256 1550 282 ex
1579 243 1664 283 suis

308 307 433 358 copiis
462 307 712 347 addiderunt.
754 306 915 345 Utinam
936 306 1043 345 Deus
1070 307 1287 345 venerabili
1317 307 1402 345 seni
1431 319 1548 357 quam
1577 307 1666 346 diu-

307 370 462 410 tissime
489 371 609 409 vitam
630 371 815 421 viresque
844 374 1066 418 conservet,
1096 371 1164 420 qui
1193 375 1251 409 tot
1279 371 1479 422 tantisque
1508 371 1665 410 virtuti·

305 434 381 473 bus
411 438 659 473 senectutem
689 447 798 472 suam
830 439 963 482 ornat,
1000 439 1040 472 et
1067 434 1293 474 indefessus
1323 436 1407 473 suis
1435 435 1666 474 eruditissi-

307 499 384 536 mis
422 499 609 548 operibus
647 498 890 549 antiquitatis
926 498 1053 537 studia
1083 498 1242 536 adiuvat
1269 498 1517 548 aliorumque
1545 511 1668 549 opera

309 566 446 611 curat,
485 562 584 600 mihi
622 574 716 600 vero
756 575 845 601 cum
883 561 1071 600 Rostio
1111 562 1344 600 doctissimo
1373 562 1428 599 ita
1456 562 1587 610 favet,
1623 565 1669 602 ut

306 639 503 676 nunquam
533 626 691 664 solvere
720 627 867 678 possim
897 631 1086 676 quantum
1116 625 1257 665 debeo.
1311 625 1393 663 Sed
1432 625 1494 663 his
1534 625 1668 676 perle-
1707 622 1711 631 ¹

308 690 384 729 ctis
412 703 531 728 unum
561 703 705 728 nomen
735 703 928 742 quaerere
950 689 1012 728 Te
1041 691 1167 728 sentio
1196 690 1369 728 nondum
1390 694 1668 738 memoratum,

308 754 550 793 carolum
591 753 919 792 Odofredum
957 753 1243 792 Miillerum
1274 753 1386 800 dic03
1427 754 1533 791 nosti
1562 753 1668 793 enim

307 831 425 868 quam
463 817 715 856 familiariter
753 823 842 856 utar
880 818 1164 856 candidissimo
1202 823 1243 856 et
1271 817 1540 856 eruditissimo
1567 818 1667 867 viro,

307 882 374 932 qui
401 895 601 933 nunquam
632 895 653 919 a
681 895 745 921 me
767 882 952 930 discedit,
983 882 1075 932 quin
1099 882 1311 920 didicerim
1338 881 1499 931 aliquid.
1554 881 1667 920 Scias

307 945 429 996 igitur
465 947 584 984 etiam
613 946 706 983 huic
735 946 901 985 multum
930 946 1079 984 debere
1108 945 1345 993 Pindarum,
1385 958 1505 997 quum
1537 958 1669 997 prom-

307 1014 400 1060 ptus
439 1014 548 1048 esset
582 1010 631 1048 ad
661 1010 948 1060 explorandum
988 1010 1213 1060 ubicunque
1251 1022 1412 1061 operam
1443 1010 1528 1047 eius
1558 1009 1670 1048 desi-

306 1073 512 1118 derabam,
541 1086 614 1112 nec
643 1073 777 1111 dicere
800 1087 964 1124 possum
995 1087 1112 1124 quam
1141 1074 1264 1112 multa
1293 1078 1501 1125 praeterea
1531 1085 1554 1111 e
1581 1086 1670 1112 ser-

306 1137 490 1176 monibus
529 1137 616 1176 eius
655 1137 856 1177 hauserim
895 1139 1089 1177 Thebano
1127 1143 1272 1188 poetae
1309 1138 1431 1178 utilia.
1501 1137 1583 1175 Sed
1619 1150 1670 1178 ne

304 1200 406 1239 haec
435 1201 596 1252 quidem
626 1202 756 1240 omnia
784 1206 898 1248 sunt3
936 1202 1089 1240 addidit
1117 1202 1236 1240 etiam
1266 1201 1418 1239 tabulas
1447 1201 1545 1239 duat
1574 1215 1670 1253 geo-

306 1265 539 1316 graphICas‚
581 1266 724 1315 quibus
763 1265 988 1316 Olympiam
1026 1270 1067 1304 et
1105 1265 1282 1315 Delphos
1312 1279 1403 1303 cum
1431 1266 1533 1304 valle
1559 1267 1670 1317 peri—

305 1328 462 1368 tissime
491 1329 751 1368 adumbravit.
794 1329 929 1366 Habes
959 1341 1075 1373 nunc,
1105 1328 1176 1367 Vir
1205 1330 1540 1378 coniunctissime,
1570 1343 1671 1382 quae

305 1405 468 1431 narrare
491 1392 583 1430 Tibi
604 1392 823 1438 debebam3
853 1392 1002 1430 utinam
1028 1393 1144 1430 etiam
1168 1392 1256 1443 ipse
1287 1393 1386 1431 liber
1413 1395 1578 1445 propius
1608 1394 1670 1433 in-

307 1460 468 1508 spectus
498 1456 589 1493 Tibi
619 1469 669 1494 ne
699 1456 927 1506 displiceat3
966 1460 1156 1505 quantum
1185 1456 1290 1493 enim
1320 1456 1508 1494 iudicium
1538 1456 1670 1496 Tuum

308 1520 413 1571 apud
442 1534 505 1558 me
533 1519 676 1565 valeat,
706 1520 823 1557 etiam
854 1532 980 1569 nuper
1010 1519 1140 1557 denuo
1169 1519 1316 1565 vidisti,
1347 1532 1464 1569 quum
1494 1521 1573 1559 huc
1600 1534 1670 1560 ve-

307 1585 436 1622 nisses
466 1588 508 1622 et
549 1583 726 1634 quotidie
756 1595 962 1621 sermones
991 1583 1228 1621 haberemus
1259 1583 1307 1621 de
1336 1584 1477 1622 studiis
1507 1585 1667 1624 nostris.

307 1647 411 1686 Redi
447 1660 539 1686 mox
575 1647 746 1694 iterum3
787 1647 956 1685 mirifice
993 1647 1174 1685 delector
1212 1648 1434 1697 praesentia
1473 1647 1584 1695 Tua,
1626 1654 1671 1688 ut

307 1710 599 1756 Welckeri,
629 1715 668 1749 et
697 1711 829 1761 erigor
858 1712 1001 1751 animo.
1059 1711 1165 1749 Dens
1194 1717 1327 1749 autem
1357 1711 1466 1759 faxit,
1497 1717 1539 1750 ut
1568 1726 1670 1763 quae

309 1774 406 1812 mihi
444 1780 584 1825 negata
619 1779 682 1813 est
719 1775 872 1813 firmior
908 1775 1091 1813 valetudo
1133 1774 1225 1813 Tibi
1253 1780 1409 1814 maneat
1437 1789 1553 1826 quam
1583 1777 1669 1816 diu-

308 1838 488 1887 tissime,
530 1840 741 1890 possisque
779 1840 857 1878 rite
886 1839 1084 1890 perficere
1113 1840 1263 1887 omnia,
1293 1853 1395 1890 quae
1422 1841 1472 1880 ad
1501 1841 1670 1892 antiqui-

306 1905 431 1942 tatem
459 1903 732 1942 illustrandam
763 1903 983 1942 meditaris.
1039 1902 1152 1942 Vale.
