1794 2982
300 164 377 204 126
696 155 1163 200 ΠΥΘΙΟΝΙΚΑΙ
1195 154 1269 197 Δ’.

431 273 517 316 τῶν
551 266 589 314 δ’
619 265 822 329 Ομήρου
855 265 930 312 καὶ
963 262 1063 311 τόδε
1093 263 1367 325 συνθέμενος
1445 267 1554 326 Στρ.
1591 262 1661 326 ιγ’.

432 335 554 400 ῥῆμα
587 331 797 396 πόρσυν’·
833 331 1016 395 ἄγγελον
1037 330 1210 379 έσλόν’
1197 332 1283 394 ε’φα
1314 328 1443 392 τιμάν
1462 331 1663 394 μεγίσταν

911 398 1130 461 πράγματι
1164 400 1294 446 παντὶ
1328 399 1490 461 φέρειν.
1594 408 1663 442 495

434 466 610 525 αὔξεται
632 468 707 515 καὶ
726 471 881 515 Μοῖσα
900 465 956 513 δι’
977 465 1175 529 α’γγελίας
1196 465 1352 530 ὀρθᾶς.
1402 466 1562 528 ἐπέγνω
1585 465 1663 527 μεν

914 534 1105 595 Κυράνα

303 607 402 652 280
437 603 510 650 καὶ
538 600 589 649 τὸ
622 599 930 649 κλεεννότατον
963 602 1154 664 μέγαρον
1187 599 1363 648 Βάττου
1397 603 1571 647 δικαιᾶν

435 671 708 732 Δαμοφίλου
720 671 962 730 πραπίδων.
982 675 1127 727 κεῖνος
1139 667 1221 732 γὰρ
1243 669 1287 715 ἐν
1309 669 1461 715 παισὶν
1473 666 1586 726 νέος,
1598 677 1664 709 500

436 738 482 786 ἐν
533 738 580 784 δὲ
625 740 810 799 βουλαῖς
854 736 1050 798 πρέσβυς
1094 735 1328 799 ἐγκύρσαις
1377 735 1672 782 ἑκατονταετεῖ

906 808 1047 869 βιοτᾷ,

437 871 665 934 ὀρφανίζει
699 890 778 932 μεν
812 889 954 919 κακαν
987 875 1190 934 γλωσσαν
1225 889 1418 932 φαεννας
1440 867 1565 926 ὀπός,
1600 878 1667 911 505

436 940 572 1001 ε’μαθε
608 938 647 986 δ’
678 937 915 1000 ὑβρίζοντα
949 944 1103 1000 μισεῖν,

303 1113 401 1159 285
438 1104 527 1154 οὐκ
561 1106 712 1167 ἐρίζων
746 1105 871 1154 άντία
904 1110 998 1162 τοῖς
1032 1103 1235 1167 ἀγαθοῖς,
1468 1103 1575 1152 Ἀντ.
1599 1103 1666 1165 ιγ’.

435 1171 544 1222 οὐδὲ
564 1172 778 1234 μακύνων
795 1174 921 1231 τέλος
943 1171 1091 1219 οὐδέν.
1129 1170 1154 1218 ὃ
1175 1189 1258 1233 γαρ
1278 1169 1433 1233 καιρὸς
1453 1170 1567 1258 πρὸς
1588 1169 1667 1218 άν-

913 1238 1113 1302 θρώπων
1138 1236 1283 1300 βραχυ
1311 1239 1469 1300 μέτρον
1497 1240 1591 1300 ε’χει.

437 1298 490 1353 εὖ
511 1323 581 1354 νιν
600 1306 804 1370 εγνωκεν·
835 1306 1045 1370 θεράπων
1066 1307 1114 1354 δέ
1133 1308 1189 1365 οι,
1211 1305 1270 1354 οὐ
1288 1307 1480 1369 δράστας
1503 1305 1670 1354 ὀπαδεῖ.

916 1376 1050 1438 φαντὶ
1085 1373 1124 1422 δ’
1157 1375 1285 1435 ε’μμεν
1603 1384 1671 1419 510

439 1438 559 1487 τοῦτ’
594 1439 897 1503 άνιαρότατον,
933 1441 1047 1489 καλά
1081 1439 1362 1505 γιγνωσκοντ’
1395 1439 1562 1506 ἀνάγκα

438 1506 563 1566 ἐκτὸς
608 1509 716 1571 ε’χειν
758 1509 891 1558 πόδα.
960 1511 1034 1557 καὶ
1076 1528 1164 1571 μαν
1208 1515 1351 1567 κεῖνος
1386 1506 1545 1567 ’Ἁτλας
1585 1504 1671 1554 οὕ-

1605 1584 1673 1618 515

307 1647 406 1693 290
438 1643 727 1705 προςπαλαίει
769 1661 854 1691 νυν
896 1595 1194 1709 γῖαἴῑίκτρωας
1237 1641 1327 1690 απὸ
1370 1646 1451 1705 γᾶς
1497 1640 1585 1689 ἇπό
1627 1660 1671 1689 τε

918 1711 1130 1759 κτεάνων·

440 1782 550 1826 λυσε
584 1778 632 1825 δε
669 1776 789 1836 Ζεύς
823 1776 1017 1841 άφθιτος
1057 1781 1256 1835 Τιτᾶνας.
1302 1777 1347 1825 ἐν
1381 1776 1429 1824 δε
1463 1774 1608 1843 χρόνῳ

441 1846 675 1908 μεταβολαὶ
710 1844 922 1911 λήξαντος
956 1845 1102 1909 οὔρου
1607 1855 1674 1889 520

1483 2011 1579 2060 Έπ.
1609 2011 1675 2075 ιγ’.

446 2080 606 2128 ἱστίων.
659 2078 753 2128 ἀλλ’
787 2078 959 2142 εὔχεται
991 2078 1241 2141 οὐλομέναν
1273 2085 1443 2130 νοῦσον
1466 2079 1676 2145 διαντλή-

923 2159 1023 2206 σαις
1055 2150 1161 2196 ποτε

444 2213 569 2264 οἶκον
605 2217 726 2278 ἰδεῖν,
762 2215 827 2264 ἐπ’
858 2214 1133 2331 Ἆπὲόλλωνός
1165 2234 1211 2265 τε
1249 2215 1392 2283 κράνᾳ
1424 2214 1678 2277 συμποσίας

311 2355 409 2400 295
444 2348 598 2411 θυμὸν
631 2348 849 2399 ἐκδόσθαι
882 2297 1146 2434 πρῗςῗπῖἔαν
1180 2350 1415 2409 πολλάκις,
1449 2349 1494 2396 ἕν
1525 2366 1569 2396 τε
1595 2357 1675 2394 σο-

1608 2423 1676 2457 525

446 2485 681 2533 δαιδαλέαν
725 2425 1228 2549 φόρμιγγῖοῒῗῦαστάζων
1270 2483 1470 2542 πολίταις
1513 2480 1676 2549 ασυχία

922 2553 1114 2615 θιγέμεν,

445 2620 541 2686 μήτ’
576 2624 639 2669 ὥν
672 2640 755 2669 τινι
788 2625 914 2686 πῆμα
941 2620 1104 2683 πορών,
1140 2617 1322 2684 άπαθὴς
1343 2616 1383 2667 δ’
1405 2614 1545 2676 αὐτὸς
1563 2615 1677 2680 πρὸς

921 2687 1076 2737 άστῶν.
1609 2697 1676 2732 530
