1751 2986
1358 141 1424 169 xlx

63 229 221 271 animos,
252 239 298 263 ne
334 228 500 264 deserant
530 229 690 264 Thebas.
738 229 853 273 Atque
884 229 978 264 haec
1010 230 1208 272 hactenus3
1241 242 1309 266 non
1333 233 1427 267 levis

54 290 154 325 mihi
174 289 316 324 videtur
338 293 414 325 tota
438 291 532 324 haec
556 290 760 324 observatio
784 292 830 324 ad
854 291 1130 336 explicationem
1155 293 1313 328 Pindari.
1349 295 1424 328 Res

60 355 184 387 autem
205 351 362 386 maxime
384 351 502 397 lyrica
527 355 599 391 est,
625 363 733 396 quum
757 353 809 386 sic
835 353 1028 397 peculiaris
1053 358 1280 398 comparetur
1304 355 1424 389 forma

57 413 184 448 multis
205 413 295 448 locis
318 424 384 457 pro
407 413 554 458 vulgari
585 418 620 448 et
644 414 845 455 communi,
880 413 1066 458 maiorque
1092 416 1239 450 exsistat
1264 417 1423 451 varietas

58 475 290 509 tractationis.
337 475 393 508 Ad
425 478 583 508 ceterum
614 475 787 509 orationis
811 475 970 509 directae
995 481 1159 511 ornatum
1184 489 1422 522 compara-

59 535 212 570 tiones
236 535 414 580 pertinent
439 547 460 569 a
494 536 641 570 ludicris
672 537 928 570 certaminibus
963 542 997 571 et
1030 539 1076 571 ab
1102 539 1338 582 cpiniciorum
1361 550 1421 574 ra—

59 597 156 632 tione
180 598 315 641 petitae
340 597 538 641 plurimae,
572 598 616 631 de
651 599 780 642 quibus
804 598 877 631 suis
900 599 990 632 locis
1014 599 1048 632 in
1076 601 1342 634 Commentario
1367 600 1422 634 di-

58 663 172 703 ctum,
204 671 270 693 nec
303 670 371 693 non
396 658 667 692 sententiae
692 660 879 693 ethicae
905 659 1076 701 eximiae,
1110 673 1180 704 quo
1205 664 1285 696 loco
1312 662 1420 696 etiam

55 720 148 755 illud
171 720 367 755 artificium
391 721 621 764 praeclarum
648 721 854 761 notandum,
881 721 976 764 quod
1000 733 1058 754 res
1077 727 1282 765 praesentes
1297 724 1343 757 ad
1355 735 1421 768 ge-

55 781 187 816 neralis
218 781 416 815 sententiae
447 781 605 814 formam
630 782 766 826 passim
797 787 964 823 revocat3
997 783 1044 816 cf.
1069 785 1115 817 ad
1141 784 1198 818 01.
1225 784 1300 817 vll.
1324 784 1418 816 vlll.

53 842 157 877 Nem.
175 842 268 877 vlu.
283 842 362 877 init.

500 949 551 982 ΙΙ.
599 950 673 983 DE
707 949 970 986 FABULIS.

141 1026 327 1061 Sententia
351 1027 521 1061 carminis
549 1029 736 1062 rarissime
768 1029 845 1062 sola
869 1029 1007 1062 directa
1031 1028 1193 1061 oratione
1219 1029 1419 1072 explicatur

52 1092 90 1124 et
110 1088 186 1123 sine
207 1088 352 1130 fabulis,
379 1092 416 1122 ut
438 1088 574 1123 factum
599 1089 633 1123 in
659 1091 807 1133 praevio
832 1091 989 1123 carmine
1014 1090 1070 1123 01.
1087 1091 1130 1123 Χ.
1164 1091 1286 1124 Etiam
1306 1091 1360 1125 Ol.
1377 1092 1416 1124 V.

53 1153 90 1185 et
108 1151 235 1184 Isthm.
259 1151 304 1184 Π.
335 1161 403 1184 non
445 1151 625 1184 habentur
655 1152 820 1191 fabulae,
860 1152 922 1185 sed
966 1152 1104 1185 curavit
1139 1156 1258 1185 tamen
1299 1157 1416 1196 poeta,

52 1214 92 1246 ut
114 1210 253 1256 aliquid
276 1211 397 1245 instar·
411 1212 562 1255 mythici
589 1217 735 1246 ornatus
761 1214 865 1249 adsit.
890 1214 950 1257 qui
975 1214 1009 1247 in
1035 1214 1153 1257 priore
1175 1214 1334 1247 carmine
1353 1224 1417 1257 pro

51 1274 142 1308 urbe
166 1273 360 1308 Camarina
383 1273 470 1306 ileos
495 1274 593 1307 urbis
618 1276 787 1308 tutelares
804 1276 972 1317 nominet,
998 1287 1085 1319 quos
1103 1275 1283 1309 ornaverit
1301 1276 1416 1308 Psan-

50 1335 130 1377 mis,
154 1335 191 1369 in
214 1336 328 1368 altero
351 1346 440 1368 vcro
466 1339 587 1376 canat,
612 1340 650 1369 ut
670 1336 702 1369 in
728 1337 864 1369 isthmo
888 1337 1084 1380 Neptunus,
1111 1337 1263 1379 Delphis
1286 1337 1416 1380 Apollo

50 1397 291 1431 Xenocratem
314 1396 470 1440 benigue
495 1396 717 1439 adspexerit,
742 1398 934 1440 laudetque
959 1398 1127 1441 aurigam
1152 1397 1416 1431 Nicomachum

50 1457 85 1493 in
101 1458 281 1492 Victoriae
304 1457 484 1502 gremium
509 1457 680 1500 illapsum
704 1458 740 1490 in
766 1470 870 1491 sacro
897 1459 991 1492 lovis
1008 1459 1169 1502 Olympii
1187 1461 1277 1492 luco.
1312 1460 1416 1502 Quae

49 1519 170 1553 omnia
192 1518 314 1562 specie
338 1517 500 1562 mytliica
524 1518 712 1551 delectant.
761 1519 896 1553 Similis
930 1519 1073 1564 generis
1104 1525 1186 1554 sunt
1216 1521 1416 1554 invocatio-

51 1591 113 1614 nes
136 1585 172 1615 et
193 1580 320 1614 laudes
343 1580 492 1613 deorum
517 1579 698 1623 plurimae
723 1580 757 1613 in
782 1581 997 1624 prooemiis,
1032 1586 1070 1614 ut
1095 1581 1152 1615 01.
1173 1583 1233 1615 ΙΙΙ.
1259 1583 1314 1615 lV.
1335 1582 1415 1615 ΧΠ.

49 1641 146 1675 xm.
166 1642 255 1675 xlv.
279 1641 499 1684 Pyra-vul.
524 1641 626 1675 Nem.
646 1642 723 1674 Vll.
752 1643 876 1675 Isthm.
898 1643 954 1675 lv.
992 1644 1223 1677 Rcvocantur
1240 1643 1415 1677 victoriae

49 1702 101 1737 sic
124 1703 171 1737 ad
194 1703 354 1737 divinam
377 1702 452 1736 vim
476 1714 707 1746 causamque.
755 1704 795 1737 In
827 1705 1006 1748 plerisque
1040 1709 1161 1738 autem
1195 1705 1415 1738 carminibus

48 1764 158 1800 etiam
181 1764 405 1798 narrationes
429 1768 509 1798 sunt
532 1764 742 1798 fabularum
765 1765 843 1799 sive
861 1766 1046 1799 breviores
1065 1767 1142 1800 sive
1160 1767 1354 1811 longiores,
1378 1771 1417 1801 ut

48 1830 197 1861 constat.
230 1827 351 1870 Quum
375 1826 488 1871 igitur
511 1838 532 1860 a
557 1828 653 1860 nullo
672 1827 750 1860 fere
770 1827 927 1861 carmine
943 1829 1124 1872 mythicus
1141 1833 1288 1862 ornatus
1307 1830 1413 1872 plane

48 1889 154 1930 absit,
180 1892 280 1933 patet
301 1900 384 1922 eum
401 1889 665 1932 quodammodo
685 1890 928 1922 necessarium
946 1890 1075 1923 visum.
1101 1902 1166 1923 nec
1184 1890 1333 1923 dubium
1351 1892 1415 1928 est,

48 1949 132 1994 quin
163 1950 411 1994 pulcherrima
440 1961 523 1994 pars
553 1950 623 1984 sint
653 1950 902 1994 Epiniciorum
934 1951 1092 1984 fabulae.
1141 1951 1414 1993 Explicabimus

46 2010 159 2056 igitur
181 2023 275 2046 nunc
298 2011 409 2047 etiam
433 2013 478 2046 de
504 2012 574 2051 hoc
598 2023 730 2056 genere
755 2012 840 2044 data
864 2023 996 2055 opera,
1023 2023 1114 2055 quae
1138 2022 1196 2043 res
1222 2015 1256 2044 et
1280 2011 1414 2044 diffici-

48 2072 118 2107 lior
140 2077 193 2107 est
217 2077 252 2107 et
277 2073 478 2118 longiorem
505 2072 781 2116 disputationem
806 2073 934 2110 habet,
971 2083 993 2105 a
1018 2072 1167 2106 Pindari
1189 2083 1278 2105 vero
1303 2083 1410 2105 accu-

48 2133 181 2168 ratiore
203 2133 496 2178 interpretatione
521 2134 648 2165 abesse
672 2143 741 2165 non
765 2133 882 2166 debet.
922 2133 1093 2166 Dicemus
1116 2138 1238 2167 autem
1254 2135 1410 2177 primum

48 2194 94 2228 de
119 2194 297 2239 dignitate
316 2198 352 2228 et
367 2205 432 2227 usu
450 2194 672 2234 fabularum,
697 2192 824 2226 deinde
843 2194 887 2227 de
905 2195 1117 2228 tractatione
1133 2206 1259 2229 earum
1278 2197 1407 2241 lyrica.

235 2299 278 2334 A.
319 2300 384 2334 DE
408 2300 677 2334 DIGMTATE
701 2299 767 2334 ET
792 2300 886 2335 USU
909 2301 1220 2336 FABULARUM.

89 2382 92 2386 ’
136 2377 302 2412 Fabulae
327 2377 372 2411 de
395 2377 464 2412 diis
486 2381 522 2412 et
545 2378 716 2412 heroibus
733 2377 923 2421 continent,
946 2383 985 2412 ut
1000 2383 1148 2422 constat,
1172 2379 1343 2423 quidquid
1363 2380 1408 2415 il-

46 2440 170 2482 lustre,
191 2440 437 2484 praeclarum,
458 2440 639 2473 excellens
662 2441 817 2484 populus
842 2440 1002 2474 Graecus
1027 2441 1316 2487 excogitaverat3
1347 2441 1409 2475 hic

47 2511 191 2535 summa
214 2502 383 2545 exempla
405 2501 642 2544 fortitudinis,
675 2501 838 2546 pietatis,
862 2502 1040 2544 iustitiae,
1064 2503 1322 2537 moderationis
1345 2515 1408 2536 ex-

47 2572 174 2606 pressa
193 2565 294 2603 sunt,
326 2561 388 2596 hic
410 2563 598 2598 felicitatis
620 2574 726 2598 rarae
758 2568 794 2598 et
816 2563 954 2598 favoris
977 2564 1148 2607 deorum3
1183 2565 1244 2598 hic
1269 2566 1407 2598 scelera

47 2623 245 2668 impiorum
275 2623 495 2670 dignissimis
522 2625 646 2670 poenis
679 2626 836 2660 coercita
860 2629 896 2660 et
917 2626 1090 2660 felicitate
1114 2627 1249 2661 eximia
1273 2636 1408 2671 graves

48 2685 273 2722 calamitates
294 2685 459 2722 videmus
482 2690 751 2731 compensatas3
773 2687 810 2721 in
832 2686 968 2722 fabulis
991 2687 1068 2722 fata
1084 2693 1231 2723 aeterna
1245 2688 1406 2733 gentium

1046 2749 1137 2789 **2
