<?xml version="1.0" encoding="UTF-8"?>
<!DOCTYPE html PUBLIC "-//W3C//DTD XHTML 1.0 Transitional//EN"
    "http://www.w3.org/TR/xhtml1/DTD/xhtml1-transitional.dtd">
<html xmlns="http://www.w3.org/1999/xhtml" xml:lang="en" lang="en">
 <head>
  <title>
</title>
<meta http-equiv="Content-Type" content="text/html;charset=utf-8" />
  <meta name='ocr-system' content='tesseract 3.04.00' />
  <meta name='ocr-capabilities' content='ocr_page ocr_carea ocr_par ocr_line ocrx_word'/>
</head>
<body>
  <div class='ocr_page' id='page_1' title='image "./carminaquaesuper01pinduoft_0119.png"; bbox 0 0 1751 2986; ppageno 0'>
   <div class='ocr_carea' id='block_1_1' title="bbox 1345 247 1412 274">
    <p class='ocr_par' dir='ltr' id='par_1_1' title="bbox 1345 247 1412 274">
     <span class='ocr_line' id='line_1_1' title="bbox 1345 247 1412 274; baseline 0 -1"><span class='ocrx_word' id='word_1_1' title='bbox 1345 247 1412 274; x_wconf 79' lang='lat' dir='ltr'><strong>clu</strong></span> 
     </span>
    </p>
   </div>
   <div class='ocr_carea' id='block_1_2' title="bbox 0 337 1413 2781">
    <p class='ocr_par' dir='ltr' id='par_1_2' title="bbox 44 337 1413 570">
     <span class='ocr_line' id='line_1_2' title="bbox 47 337 1412 383; baseline -0.001 -9"><span class='ocrx_word' id='word_1_2' title='bbox 47 340 83 374; x_wconf 85' lang='lat' dir='ltr'><strong>in</strong></span> <span class='ocrx_word' id='word_1_3' title='bbox 107 340 345 374; x_wconf 85' lang='lat' dir='ltr'><strong>Commentat.</strong></span> <span class='ocrx_word' id='word_1_4' title='bbox 382 339 427 373; x_wconf 90' lang='lat' dir='ltr'><strong>de</strong></span> <span class='ocrx_word' id='word_1_5' title='bbox 451 337 544 374; x_wconf 82' lang='lat' dir='ltr'><strong>Crisi</strong></span> <span class='ocrx_word' id='word_1_6' title='bbox 574 342 748 383; x_wconf 77' lang='lat' dir='ltr'>tanquam</span> <span class='ocrx_word' id='word_1_7' title='bbox 783 339 879 373; x_wconf 91' lang='lat' dir='ltr'><strong>omni</strong></span> <span class='ocrx_word' id='word_1_8' title='bbox 902 340 976 373; x_wconf 85' lang='lat' dir='ltr'><strong>fide</strong></span> <span class='ocrx_word' id='word_1_9' title='bbox 1011 338 1194 381; x_wconf 82' lang='lat' dir='ltr'><strong>destitutos</strong></span> <span class='ocrx_word' id='word_1_10' title='bbox 1217 342 1326 378; x_wconf 80' lang='lat' dir='ltr'><strong>testes</strong></span> <span class='ocrx_word' id='word_1_11' title='bbox 1349 349 1412 373; x_wconf 85' lang='lat' dir='ltr'><strong>ex-</strong></span> 
     </span>
     <span class='ocr_line' id='line_1_3' title="bbox 46 400 1410 447; baseline 0 -12"><span class='ocrx_word' id='word_1_12' title='bbox 46 401 224 445; x_wconf 82' lang='lat' dir='ltr'><strong>plosisset‚</strong></span> <span class='ocrx_word' id='word_1_13' title='bbox 247 403 372 445; x_wconf 89' lang='lat' dir='ltr'><strong>postea</strong></span> <span class='ocrx_word' id='word_1_14' title='bbox 395 400 617 445; x_wconf 85' lang='lat' dir='ltr'><strong>patefactum</strong></span> <span class='ocrx_word' id='word_1_15' title='bbox 642 404 695 434; x_wconf 89' lang='lat' dir='ltr'><strong>est</strong></span> <span class='ocrx_word' id='word_1_16' title='bbox 719 412 806 434; x_wconf 84' lang='lat' dir='ltr'><strong>vere</strong></span> <span class='ocrx_word' id='word_1_17' title='bbox 839 401 1005 435; x_wconf 75' lang='lat' dir='ltr'><strong>statuisse</strong></span> <span class='ocrx_word' id='word_1_18' title='bbox 1028 400 1122 443; x_wconf 82' lang='lat' dir='ltr'><strong>illos,</strong></span> <span class='ocrx_word' id='word_1_19' title='bbox 1144 401 1204 446; x_wconf 81' lang='lat' dir='ltr'><strong>qui</strong></span> <span class='ocrx_word' id='word_1_20' title='bbox 1229 400 1276 434; x_wconf 88' lang='lat' dir='ltr'><strong>ab</strong></span> <span class='ocrx_word' id='word_1_21' title='bbox 1301 400 1410 447; x_wconf 56' lang='lat' dir='ltr'><strong>Ah}-</strong></span> 
     </span>
     <span class='ocr_line' id='line_1_4' title="bbox 46 461 1413 506; baseline -0.001 -9"><span class='ocrx_word' id='word_1_22' title='bbox 46 462 245 497; x_wconf 80' lang='lat' dir='ltr'><strong>wardtio</strong></span> <span class='ocrx_word' id='word_1_23' title='bbox 269 461 347 506; x_wconf 89' lang='lat' dir='ltr'><strong>ipso</strong></span> <span class='ocrx_word' id='word_1_24' title='bbox 371 461 512 496; x_wconf 82' lang='lat' dir='ltr'><strong>nefarie</strong></span> <span class='ocrx_word' id='word_1_25' title='bbox 535 462 707 496; x_wconf 87' lang='lat' dir='ltr'><strong>confictos</strong></span> <span class='ocrx_word' id='word_1_26' title='bbox 731 463 968 496; x_wconf 88' lang='lat' dir='ltr'><strong>coniecerunt.</strong></span> <span class='ocrx_word' id='word_1_27' title='bbox 1016 463 1195 503; x_wconf 67' lang='lat' dir='ltr'><strong>videndus</strong></span> <span class='ocrx_word' id='word_1_28' title='bbox 1217 462 1413 498; x_wconf 74' lang='lat' dir='ltr'><strong>Freesii</strong></span> 
     </span>
     <span class='ocr_line' id='line_1_5' title="bbox 44 523 1316 570; baseline 0 -13"><span class='ocrx_word' id='word_1_29' title='bbox 44 523 192 561; x_wconf 83' lang='lat' dir='ltr'><strong>libellus</strong></span> <span class='ocrx_word' id='word_1_30' title='bbox 214 525 260 558; x_wconf 88' lang='lat' dir='ltr'><strong>de</strong></span> <span class='ocrx_word' id='word_1_31' title='bbox 280 523 384 558; x_wconf 89' lang='lat' dir='ltr'><strong>codd.</strong></span> <span class='ocrx_word' id='word_1_32' title='bbox 406 523 653 567; x_wconf 83' lang='lat' dir='ltr'><strong>Neapolitanis</strong></span> <span class='ocrx_word' id='word_1_33' title='bbox 676 524 821 557; x_wconf 89' lang='lat' dir='ltr'><strong>Pindari</strong></span> <span class='ocrx_word' id='word_1_34' title='bbox 846 525 1036 570; x_wconf 86' lang='lat' dir='ltr'><strong>Stargardi</strong></span> <span class='ocrx_word' id='word_1_35' title='bbox 1059 523 1162 561; x_wconf 83' lang='lat'>1835.</span> <span class='ocrx_word' id='word_1_36' title='bbox 1189 524 1316 569; x_wconf 87' lang='lat' dir='ltr'><strong>editus.</strong></span> 
     </span>
    </p>

    <p class='ocr_par' dir='ltr' id='par_1_3' title="bbox 41 584 1413 873">
     <span class='ocr_line' id='line_1_6' title="bbox 135 584 1410 630; baseline 0.002 -11"><span class='ocrx_word' id='word_1_37' title='bbox 135 585 177 624; x_wconf 86' lang='lat' dir='ltr'><strong>Si</strong></span> <span class='ocrx_word' id='word_1_38' title='bbox 208 584 286 629; x_wconf 82' lang='lat' dir='ltr'><strong>quis</strong></span> <span class='ocrx_word' id='word_1_39' title='bbox 318 584 516 619; x_wconf 81' lang='lat' dir='ltr'><strong>editionum</strong></span> <span class='ocrx_word' id='word_1_40' title='bbox 538 585 685 619; x_wconf 85' lang='lat' dir='ltr'><strong>Pindari</strong></span> <span class='ocrx_word' id='word_1_41' title='bbox 716 586 966 630; x_wconf 87' lang='lat' dir='ltr'><strong>librorumque</strong></span> <span class='ocrx_word' id='word_1_42' title='bbox 1001 587 1048 620; x_wconf 91' lang='lat' dir='ltr'><strong>ad</strong></span> <span class='ocrx_word' id='word_1_43' title='bbox 1081 585 1293 630; x_wconf 86' lang='lat' dir='ltr'><strong>explicanda</strong></span> <span class='ocrx_word' id='word_1_44' title='bbox 1325 585 1410 621; x_wconf 86' lang='lat' dir='ltr'><strong>Pin-</strong></span> 
     </span>
     <span class='ocr_line' id='line_1_7' title="bbox 44 646 1411 691; baseline 0 -11"><span class='ocrx_word' id='word_1_45' title='bbox 44 646 168 682; x_wconf 81' lang='lat' dir='ltr'><strong>darica</strong></span> <span class='ocrx_word' id='word_1_46' title='bbox 200 647 440 691; x_wconf 79' lang='lat' dir='ltr'><strong>spectantium</strong></span> <span class='ocrx_word' id='word_1_47' title='bbox 482 651 693 681; x_wconf 89' lang='lat' dir='ltr'><strong>accuratum</strong></span> <span class='ocrx_word' id='word_1_48' title='bbox 737 647 890 681; x_wconf 88' lang='lat' dir='ltr'><strong>indicem</strong></span> <span class='ocrx_word' id='word_1_49' title='bbox 923 647 1095 688; x_wconf 79' lang='lat' dir='ltr'><strong>voluerit,</strong></span> <span class='ocrx_word' id='word_1_50' title='bbox 1133 658 1217 680; x_wconf 89' lang='lat' dir='ltr'><strong>eum</strong></span> <span class='ocrx_word' id='word_1_51' title='bbox 1261 658 1330 691; x_wconf 79' lang='lat' dir='ltr'><strong>ego</strong></span> <span class='ocrx_word' id='word_1_52' title='bbox 1364 647 1411 680; x_wconf 88' lang='lat' dir='ltr'><strong>ad</strong></span> 
     </span>
     <span class='ocr_line' id='line_1_8' title="bbox 43 707 1411 753; baseline -0.001 -11"><span class='ocrx_word' id='word_1_53' title='bbox 43 707 308 751; x_wconf 76' lang='lat' dir='ltr'><strong>praefationem</strong></span> <span class='ocrx_word' id='word_1_54' title='bbox 336 708 508 752; x_wconf 76' lang='lat' dir='ltr'><strong>Heynii</strong></span> <span class='ocrx_word' id='word_1_55' title='bbox 539 710 693 751; x_wconf 89' lang='lat' dir='ltr'><strong>ablego,</strong></span> <span class='ocrx_word' id='word_1_56' title='bbox 735 709 795 741; x_wconf 77' lang='lat' dir='ltr'><strong>vel</strong></span> <span class='ocrx_word' id='word_1_57' title='bbox 834 710 878 742; x_wconf 92' lang='lat' dir='ltr'><strong>ad</strong></span> <span class='ocrx_word' id='word_1_58' title='bbox 920 709 1258 753; x_wconf 81' lang='lat' dir='ltr'><strong>bibliographorum</strong></span> <span class='ocrx_word' id='word_1_59' title='bbox 1299 718 1411 751; x_wconf 87' lang='lat' dir='ltr'><strong>opera</strong></span> 
     </span>
     <span class='ocr_line' id='line_1_9' title="bbox 42 768 1411 814; baseline -0.001 -10"><span class='ocrx_word' id='word_1_60' title='bbox 42 770 254 804; x_wconf 77' lang='lat' dir='ltr'><strong>recentiora.</strong></span> <span class='ocrx_word' id='word_1_61' title='bbox 309 769 391 813; x_wconf 85' lang='lat' dir='ltr'><strong>Ego</strong></span> <span class='ocrx_word' id='word_1_62' title='bbox 424 778 532 811; x_wconf 89' lang='lat' dir='ltr'><strong>quam</strong></span> <span class='ocrx_word' id='word_1_63' title='bbox 566 768 649 800; x_wconf 91' lang='lat' dir='ltr'><strong>fieri</strong></span> <span class='ocrx_word' id='word_1_64' title='bbox 684 768 815 811; x_wconf 88' lang='lat' dir='ltr'><strong>poterit</strong></span> <span class='ocrx_word' id='word_1_65' title='bbox 850 768 1062 802; x_wconf 84' lang='lat' dir='ltr'><strong>brevissime</strong></span> <span class='ocrx_word' id='word_1_66' title='bbox 1097 769 1312 814; x_wconf 86' lang='lat' dir='ltr'><strong>significabo</strong></span> <span class='ocrx_word' id='word_1_67' title='bbox 1349 779 1411 802; x_wconf 87' lang='lat' dir='ltr'><strong>eos</strong></span> 
     </span>
     <span class='ocr_line' id='line_1_10' title="bbox 41 828 1413 873; baseline -0.001 -9"><span class='ocrx_word' id='word_1_68' title='bbox 41 829 208 864; x_wconf 83' lang='lat' dir='ltr'><strong>homines</strong></span> <span class='ocrx_word' id='word_1_69' title='bbox 230 829 456 863; x_wconf 88' lang='lat' dir='ltr'><strong>doctissimos</strong></span> <span class='ocrx_word' id='word_1_70' title='bbox 479 839 592 872; x_wconf 88' lang='lat' dir='ltr'><strong>eaque</strong></span> <span class='ocrx_word' id='word_1_71' title='bbox 617 839 751 872; x_wconf 89' lang='lat' dir='ltr'><strong>opera,</strong></span> <span class='ocrx_word' id='word_1_72' title='bbox 777 828 907 872; x_wconf 91' lang='lat' dir='ltr'><strong>quibus</strong></span> <span class='ocrx_word' id='word_1_73' title='bbox 932 829 1066 873; x_wconf 85' lang='lat' dir='ltr'><strong>aliquid</strong></span> <span class='ocrx_word' id='word_1_74' title='bbox 1091 829 1198 862; x_wconf 85' lang='lat' dir='ltr'><strong>debet</strong></span> <span class='ocrx_word' id='word_1_75' title='bbox 1220 829 1413 862; x_wconf 84' lang='lat' dir='ltr'><strong>Pindarus.</strong></span> 
     </span>
    </p>

    <p class='ocr_par' dir='ltr' id='par_1_4' title="bbox 0 889 1410 1661">
     <span class='ocr_line' id='line_1_11' title="bbox 133 889 1409 935; baseline -0.001 -10"><span class='ocrx_word' id='word_1_76' title='bbox 133 891 306 935; x_wconf 85' lang='lat' dir='ltr'><strong>Princeps</strong></span> <span class='ocrx_word' id='word_1_77' title='bbox 329 889 489 924; x_wconf 89' lang='lat' dir='ltr'><strong>omnium</strong></span> <span class='ocrx_word' id='word_1_78' title='bbox 513 893 566 924; x_wconf 88' lang='lat' dir='ltr'><strong>est</strong></span> <span class='ocrx_word' id='word_1_79' title='bbox 591 890 736 923; x_wconf 87' lang='lat' dir='ltr'><strong>editio</strong></span> <span class='ocrx_word' id='word_1_80' title='bbox 758 890 946 931; x_wconf 80' lang='lat' dir='ltr'><strong>veneta,</strong></span> <span class='ocrx_word' id='word_1_81' title='bbox 971 901 1063 933; x_wconf 83' lang='lat' dir='ltr'><strong>quae</strong></span> <span class='ocrx_word' id='word_1_82' title='bbox 1089 890 1223 934; x_wconf 87' lang='lat' dir='ltr'><strong>prodiit</strong></span> <span class='ocrx_word' id='word_1_83' title='bbox 1248 891 1282 923; x_wconf 91' lang='lat' dir='ltr'><strong>in</strong></span> <span class='ocrx_word' id='word_1_84' title='bbox 1308 890 1409 924; x_wconf 89' lang='lat' dir='ltr'><strong>aedi-</strong></span> 
     </span>
     <span class='ocr_line' id='line_1_12' title="bbox 41 950 1410 996; baseline -0.001 -10"><span class='ocrx_word' id='word_1_85' title='bbox 41 954 109 988; x_wconf 78' lang='lat' dir='ltr'><strong>bus</strong></span> <span class='ocrx_word' id='word_1_86' title='bbox 130 952 213 989; x_wconf 78' lang='lat' dir='ltr'><strong>Aldi</strong></span> <span class='ocrx_word' id='word_1_87' title='bbox 237 956 274 986; x_wconf 91' lang='lat' dir='ltr'><strong>et</strong></span> <span class='ocrx_word' id='word_1_88' title='bbox 294 952 470 993; x_wconf 78' lang='lat' dir='ltr'><strong>Andreae,</strong></span> <span class='ocrx_word' id='word_1_89' title='bbox 494 950 642 984; x_wconf 82' lang='lat' dir='ltr'><strong>Asulani</strong></span> <span class='ocrx_word' id='word_1_90' title='bbox 665 950 794 991; x_wconf 90' lang='lat' dir='ltr'><strong>soceri,</strong></span> <span class='ocrx_word' id='word_1_91' title='bbox 816 952 990 986; x_wconf 80' lang='lat' dir='ltr'>MDXIII.</span> <span class='ocrx_word' id='word_1_92' title='bbox 1016 952 1138 986; x_wconf 83' lang='lat' dir='ltr'><strong>forma</strong></span> <span class='ocrx_word' id='word_1_93' title='bbox 1160 956 1311 996; x_wconf 76' lang='lat' dir='ltr'><strong>octava,</strong></span> <span class='ocrx_word' id='word_1_94' title='bbox 1334 952 1410 986; x_wconf 90' lang='lat' dir='ltr'><strong>sine</strong></span> 
     </span>
     <span class='ocr_line' id='line_1_13' title="bbox 40 1012 1410 1058; baseline -0.001 -9"><span class='ocrx_word' id='word_1_95' title='bbox 40 1012 208 1049; x_wconf 72' lang='lat' dir='ltr'><strong>Scholiis.</strong></span> <span class='ocrx_word' id='word_1_96' title='bbox 273 1014 421 1049; x_wconf 81' lang='lat' dir='ltr'><strong>Praeter</strong></span> <span class='ocrx_word' id='word_1_97' title='bbox 458 1012 650 1048; x_wconf 82' lang='lat' dir='ltr'><strong>Pindarica</strong></span> <span class='ocrx_word' id='word_1_98' title='bbox 692 1013 941 1056; x_wconf 78' lang='lat' dir='ltr'><strong>complectitur</strong></span> <span class='ocrx_word' id='word_1_99' title='bbox 981 1014 1136 1057; x_wconf 72' lang='lat' dir='ltr'><strong>hymnos</strong></span> <span class='ocrx_word' id='word_1_100' title='bbox 1179 1014 1410 1058; x_wconf 81' lang='lat' dir='ltr'><strong>Callimachi,</strong></span> 
     </span>
     <span class='ocr_line' id='line_1_14' title="bbox 39 1074 1409 1120; baseline 0 -11"><span class='ocrx_word' id='word_1_101' title='bbox 39 1074 254 1119; x_wconf 80' lang='lat' dir='ltr'><strong>Dionysium</strong></span> <span class='ocrx_word' id='word_1_102' title='bbox 285 1075 537 1120; x_wconf 85' lang='lat' dir='ltr'><strong>Periegetam,</strong></span> <span class='ocrx_word' id='word_1_103' title='bbox 580 1075 828 1119; x_wconf 80' lang='lat' dir='ltr'><strong>Lycophronis</strong></span> <span class='ocrx_word' id='word_1_104' title='bbox 868 1075 1123 1108; x_wconf 83' lang='lat' dir='ltr'><strong>Alexandram.</strong></span> <span class='ocrx_word' id='word_1_105' title='bbox 1186 1075 1320 1109; x_wconf 87' lang='lat' dir='ltr'><strong>Secuta</strong></span> <span class='ocrx_word' id='word_1_106' title='bbox 1354 1079 1409 1109; x_wconf 87' lang='lat' dir='ltr'><strong>est</strong></span> 
     </span>
     <span class='ocr_line' id='line_1_15' title="bbox 0 1135 1408 1182; baseline 0 -12"><span class='ocrx_word' id='word_1_107' title='bbox 0 1135 3 1140; x_wconf 44' lang='lat'>⁸</span> <span class='ocrx_word' id='word_1_108' title='bbox 40 1136 187 1170; x_wconf 84' lang='lat' dir='ltr'><strong>editio</strong></span> <span class='ocrx_word' id='word_1_109' title='bbox 219 1136 426 1174; x_wconf 86' lang='lat' dir='ltr'><strong>Romana</strong></span> <span class='ocrx_word' id='word_1_110' title='bbox 467 1147 489 1170; x_wconf 89' lang='lat' dir='ltr'><strong>a</strong></span> <span class='ocrx_word' id='word_1_111' title='bbox 521 1135 701 1169; x_wconf 83' lang='lat' dir='ltr'><strong>Zacharia</strong></span> <span class='ocrx_word' id='word_1_112' title='bbox 736 1136 922 1182; x_wconf 83' lang='lat' dir='ltr'><strong>Callierga</strong></span> <span class='ocrx_word' id='word_1_113' title='bbox 954 1136 1115 1172; x_wconf 82' lang='lat' dir='ltr'><strong>Cretensi</strong></span> <span class='ocrx_word' id='word_1_114' title='bbox 1149 1141 1274 1170; x_wconf 88' lang='lat' dir='ltr'><strong>curata</strong></span> <span class='ocrx_word' id='word_1_115' title='bbox 1316 1147 1408 1174; x_wconf 87' lang='lat' dir='ltr'><strong>anno</strong></span> 
     </span>
     <span class='ocr_line' id='line_1_16' title="bbox 38 1196 1406 1241; baseline -0.001 -10"><span class='ocrx_word' id='word_1_116' title='bbox 38 1197 189 1231; x_wconf 80' lang='lat' dir='ltr'><strong>Mva.</strong></span> <span class='ocrx_word' id='word_1_117' title='bbox 223 1196 343 1231; x_wconf 86' lang='lat' dir='ltr'><strong>forma</strong></span> <span class='ocrx_word' id='word_1_118' title='bbox 376 1201 528 1241; x_wconf 81' lang='lat' dir='ltr'><strong>quarta,</strong></span> <span class='ocrx_word' id='word_1_119' title='bbox 563 1209 644 1230; x_wconf 92' lang='lat' dir='ltr'><strong>cum</strong></span> <span class='ocrx_word' id='word_1_120' title='bbox 667 1197 824 1232; x_wconf 90' lang='lat' dir='ltr'><strong>Scholiis</strong></span> <span class='ocrx_word' id='word_1_121' title='bbox 857 1198 1040 1232; x_wconf 82' lang='lat' dir='ltr'><strong>veteribus</strong></span> <span class='ocrx_word' id='word_1_122' title='bbox 1073 1202 1108 1232; x_wconf 89' lang='lat' dir='ltr'><strong>et</strong></span> <span class='ocrx_word' id='word_1_123' title='bbox 1131 1198 1406 1232; x_wconf 85' lang='lat' dir='ltr'><strong>recentioribus.</strong></span> 
     </span>
     <span class='ocr_line' id='line_1_17' title="bbox 39 1256 1409 1303; baseline 0 -10"><span class='ocrx_word' id='word_1_124' title='bbox 39 1259 120 1294; x_wconf 86' lang='lat' dir='ltr'><strong>Hae</strong></span> <span class='ocrx_word' id='word_1_125' title='bbox 152 1256 327 1292; x_wconf 84' lang='lat' dir='ltr'><strong>editiones</strong></span> <span class='ocrx_word' id='word_1_126' title='bbox 357 1258 408 1292; x_wconf 86' lang='lat' dir='ltr'><strong>ita</strong></span> <span class='ocrx_word' id='word_1_127' title='bbox 440 1259 628 1298; x_wconf 79' lang='lat' dir='ltr'><strong>differunt,</strong></span> <span class='ocrx_word' id='word_1_128' title='bbox 661 1263 701 1292; x_wconf 91' lang='lat' dir='ltr'><strong>ut</strong></span> <span class='ocrx_word' id='word_1_129' title='bbox 734 1259 769 1292; x_wconf 91' lang='lat' dir='ltr'><strong>in</strong></span> <span class='ocrx_word' id='word_1_130' title='bbox 797 1259 976 1303; x_wconf 54' lang='lat' dir='ltr'><strong>Olympiis</strong></span> <span class='ocrx_word' id='word_1_131' title='bbox 999 1260 1148 1293; x_wconf 76' lang='lat' dir='ltr'><strong>Aldinus</strong></span> <span class='ocrx_word' id='word_1_132' title='bbox 1178 1264 1297 1294; x_wconf 90' lang='lat' dir='ltr'><strong>textus</strong></span> <span class='ocrx_word' id='word_1_133' title='bbox 1332 1260 1409 1295; x_wconf 83' lang='lat' dir='ltr'><strong>Ro-</strong></span> 
     </span>
     <span class='ocr_line' id='line_1_18' title="bbox 38 1320 1409 1366; baseline 0 -12"><span class='ocrx_word' id='word_1_134' title='bbox 38 1331 146 1355; x_wconf 84' lang='lat' dir='ltr'><strong>mano</strong></span> <span class='ocrx_word' id='word_1_135' title='bbox 170 1331 192 1354; x_wconf 84' lang='lat' dir='ltr'><strong>a</strong></span> <span class='ocrx_word' id='word_1_136' title='bbox 216 1320 497 1354; x_wconf 74' lang='lat' dir='ltr'><strong>correctionibus</strong></span> <span class='ocrx_word' id='word_1_137' title='bbox 529 1320 673 1354; x_wconf 80' lang='lat' dir='ltr'><strong>novitiis</strong></span> <span class='ocrx_word' id='word_1_138' title='bbox 695 1320 844 1354; x_wconf 86' lang='lat' dir='ltr'><strong>liberior</strong></span> <span class='ocrx_word' id='word_1_139' title='bbox 868 1320 930 1363; x_wconf 86' lang='lat' dir='ltr'><strong>sit,</strong></span> <span class='ocrx_word' id='word_1_140' title='bbox 964 1327 1086 1355; x_wconf 82' lang='lat' dir='ltr'><strong>contra</strong></span> <span class='ocrx_word' id='word_1_141' title='bbox 1106 1321 1141 1355; x_wconf 91' lang='lat' dir='ltr'><strong>in</strong></span> <span class='ocrx_word' id='word_1_142' title='bbox 1165 1321 1308 1366; x_wconf 75' lang='lat' dir='ltr'><strong>Pythiis</strong></span> <span class='ocrx_word' id='word_1_143' title='bbox 1331 1322 1409 1354; x_wconf 83' lang='lat' dir='ltr'><strong>Ro-</strong></span> 
     </span>
     <span class='ocr_line' id='line_1_19' title="bbox 39 1381 1408 1426; baseline -0.001 -10"><span class='ocrx_word' id='word_1_144' title='bbox 39 1392 148 1416; x_wconf 86' lang='lat' dir='ltr'><strong>mana</strong></span> <span class='ocrx_word' id='word_1_145' title='bbox 170 1381 280 1418; x_wconf 81' lang='lat' dir='ltr'><strong>editio</strong></span> <span class='ocrx_word' id='word_1_146' title='bbox 311 1383 357 1415; x_wconf 88' lang='lat' dir='ltr'><strong>ad</strong></span> <span class='ocrx_word' id='word_1_147' title='bbox 391 1393 605 1426; x_wconf 81' lang='lat' dir='ltr'><strong>germanam</strong></span> <span class='ocrx_word' id='word_1_148' title='bbox 639 1386 768 1424; x_wconf 88' lang='lat' dir='ltr'><strong>poetae</strong></span> <span class='ocrx_word' id='word_1_149' title='bbox 811 1382 1026 1425; x_wconf 81' lang='lat' dir='ltr'><strong>scripturam</strong></span> <span class='ocrx_word' id='word_1_150' title='bbox 1062 1382 1210 1426; x_wconf 87' lang='lat' dir='ltr'><strong>propius</strong></span> <span class='ocrx_word' id='word_1_151' title='bbox 1244 1383 1408 1417; x_wconf 85' lang='lat' dir='ltr'><strong>accedat.</strong></span> 
     </span>
     <span class='ocr_line' id='line_1_20' title="bbox 37 1442 1406 1490; baseline 0 -13"><span class='ocrx_word' id='word_1_152' title='bbox 37 1444 154 1490; x_wconf 84' lang='lat' dir='ltr'><strong>Igitur</strong></span> <span class='ocrx_word' id='word_1_153' title='bbox 187 1456 272 1480; x_wconf 87' lang='lat' dir='ltr'><strong>cum</strong></span> <span class='ocrx_word' id='word_1_154' title='bbox 302 1448 466 1478; x_wconf 82' lang='lat' dir='ltr'><strong>veterum</strong></span> <span class='ocrx_word' id='word_1_155' title='bbox 490 1443 720 1477; x_wconf 83' lang='lat' dir='ltr'><strong>scholiorum</strong></span> <span class='ocrx_word' id='word_1_156' title='bbox 752 1442 929 1476; x_wconf 85' lang='lat' dir='ltr'><strong>memoria</strong></span> <span class='ocrx_word' id='word_1_157' title='bbox 962 1443 996 1476; x_wconf 88' lang='lat' dir='ltr'><strong>in</strong></span> <span class='ocrx_word' id='word_1_158' title='bbox 1031 1443 1211 1487; x_wconf 68' lang='lat' dir='ltr'><strong>Olympiis</strong></span> <span class='ocrx_word' id='word_1_159' title='bbox 1240 1443 1406 1485; x_wconf 78' lang='lat' dir='ltr'><strong>Aldinae,</strong></span> 
     </span>
     <span class='ocr_line' id='line_1_21' title="bbox 38 1503 1410 1550; baseline 0 -12"><span class='ocrx_word' id='word_1_160' title='bbox 38 1506 73 1539; x_wconf 91' lang='lat' dir='ltr'><strong>in</strong></span> <span class='ocrx_word' id='word_1_161' title='bbox 104 1504 247 1549; x_wconf 80' lang='lat' dir='ltr'><strong>Pythiis</strong></span> <span class='ocrx_word' id='word_1_162' title='bbox 277 1504 466 1543; x_wconf 80' lang='lat' dir='ltr'><strong>Romanae</strong></span> <span class='ocrx_word' id='word_1_163' title='bbox 507 1504 585 1537; x_wconf 83' lang='lat' dir='ltr'><strong>fere</strong></span> <span class='ocrx_word' id='word_1_164' title='bbox 619 1503 796 1536; x_wconf 80' lang='lat' dir='ltr'><strong>convenit.</strong></span> <span class='ocrx_word' id='word_1_165' title='bbox 861 1506 928 1537; x_wconf 88' lang='lat' dir='ltr'><strong>llla</strong></span> <span class='ocrx_word' id='word_1_166' title='bbox 969 1516 1083 1548; x_wconf 87' lang='lat' dir='ltr'><strong>paene</strong></span> <span class='ocrx_word' id='word_1_167' title='bbox 1126 1509 1201 1539; x_wconf 89' lang='lat' dir='ltr'><strong>tota</strong></span> <span class='ocrx_word' id='word_1_168' title='bbox 1235 1505 1410 1550; x_wconf 87' lang='lat' dir='ltr'><strong>scriptum</strong></span> 
     </span>
     <span class='ocr_line' id='line_1_22' title="bbox 38 1565 1409 1611; baseline 0.001 -11"><span class='ocrx_word' id='word_1_169' title='bbox 38 1567 224 1610; x_wconf 85' lang='lat' dir='ltr'><strong>exemplar</strong></span> <span class='ocrx_word' id='word_1_170' title='bbox 254 1566 385 1608; x_wconf 84' lang='lat' dir='ltr'><strong>refert,</strong></span> <span class='ocrx_word' id='word_1_171' title='bbox 419 1565 606 1611; x_wconf 84' lang='lat' dir='ltr'><strong>Callierga</strong></span> <span class='ocrx_word' id='word_1_172' title='bbox 636 1565 818 1599; x_wconf 88' lang='lat' dir='ltr'><strong>interdum</strong></span> <span class='ocrx_word' id='word_1_173' title='bbox 851 1570 987 1599; x_wconf 78' lang='lat' dir='ltr'><strong>textum</strong></span> <span class='ocrx_word' id='word_1_174' title='bbox 1020 1578 1062 1600; x_wconf 87' lang='lat' dir='ltr'><strong>ex</strong></span> <span class='ocrx_word' id='word_1_175' title='bbox 1095 1566 1254 1602; x_wconf 89' lang='lat' dir='ltr'><strong>Scholiis</strong></span> <span class='ocrx_word' id='word_1_176' title='bbox 1286 1579 1409 1602; x_wconf 88' lang='lat' dir='ltr'><strong>emen·</strong></span> 
     </span>
     <span class='ocr_line' id='line_1_23' title="bbox 39 1626 151 1661; baseline -0.009 0"><span class='ocrx_word' id='word_1_177' title='bbox 39 1626 151 1661; x_wconf 87' lang='lat' dir='ltr'><strong>davit.</strong></span> 
     </span>
    </p>

    <p class='ocr_par' dir='ltr' id='par_1_5' title="bbox 0 1687 1411 2781">
     <span class='ocr_line' id='line_1_24' title="bbox 127 1687 1408 1732; baseline 0.002 -11"><span class='ocrx_word' id='word_1_178' title='bbox 127 1688 231 1731; x_wconf 79' lang='lat' dir='ltr'><strong>Quae</strong></span> <span class='ocrx_word' id='word_1_179' title='bbox 255 1687 428 1722; x_wconf 82' lang='lat' dir='ltr'><strong>editiones</strong></span> <span class='ocrx_word' id='word_1_180' title='bbox 452 1700 518 1732; x_wconf 89' lang='lat' dir='ltr'><strong>per</strong></span> <span class='ocrx_word' id='word_1_181' title='bbox 541 1699 635 1721; x_wconf 85' lang='lat' dir='ltr'><strong>saec.</strong></span> <span class='ocrx_word' id='word_1_182' title='bbox 655 1689 742 1721; x_wconf 69' lang='grc' dir='ltr'><strong>ΧΠ.</strong></span> <span class='ocrx_word' id='word_1_183' title='bbox 770 1689 960 1722; x_wconf 86' lang='lat' dir='ltr'><strong>decursum</strong></span> <span class='ocrx_word' id='word_1_184' title='bbox 989 1689 1167 1732; x_wconf 82' lang='lat' dir='ltr'><strong>prodiere,</strong></span> <span class='ocrx_word' id='word_1_185' title='bbox 1192 1701 1258 1723; x_wconf 90' lang='lat' dir='ltr'><strong>eae</strong></span> <span class='ocrx_word' id='word_1_186' title='bbox 1288 1702 1332 1724; x_wconf 85' lang='lat' dir='ltr'><strong>ex</strong></span> <span class='ocrx_word' id='word_1_187' title='bbox 1347 1691 1408 1724; x_wconf 77' lang='lat' dir='ltr'><strong>Al-</strong></span> 
     </span>
     <span class='ocr_line' id='line_1_25' title="bbox 39 1749 1410 1795; baseline 0 -11"><span class='ocrx_word' id='word_1_188' title='bbox 39 1749 121 1784; x_wconf 85' lang='lat' dir='ltr'><strong>dina</strong></span> <span class='ocrx_word' id='word_1_189' title='bbox 142 1750 380 1794; x_wconf 86' lang='lat' dir='ltr'><strong>Romanaque</strong></span> <span class='ocrx_word' id='word_1_190' title='bbox 404 1761 597 1794; x_wconf 82' lang='lat' dir='ltr'><strong>expressae</strong></span> <span class='ocrx_word' id='word_1_191' title='bbox 616 1753 697 1783; x_wconf 92' lang='lat' dir='ltr'><strong>sunt</strong></span> <span class='ocrx_word' id='word_1_192' title='bbox 718 1761 853 1792; x_wconf 76' lang='lat' dir='ltr'><strong>omneS,</strong></span> <span class='ocrx_word' id='word_1_193' title='bbox 871 1750 1108 1784; x_wconf 85' lang='lat' dir='ltr'><strong>Cratandrina</strong></span> <span class='ocrx_word' id='word_1_194' title='bbox 1123 1752 1253 1794; x_wconf 81' lang='lat' dir='ltr'><strong>(Bas-il.</strong></span> <span class='ocrx_word' id='word_1_195' title='bbox 1276 1751 1410 1795; x_wconf 82' lang='lat'>1526.)‚</span> 
     </span>
     <span class='ocr_line' id='line_1_26' title="bbox 38 1811 1407 1857; baseline 0.001 -12"><span class='ocrx_word' id='word_1_196' title='bbox 38 1811 295 1846; x_wconf 84' lang='lat' dir='ltr'><strong>Brubachiana</strong></span> <span class='ocrx_word' id='word_1_197' title='bbox 307 1812 493 1855; x_wconf 79' lang='lat' dir='ltr'><strong>(Francos.</strong></span> <span class='ocrx_word' id='word_1_198' title='bbox 510 1811 642 1854; x_wconf 68' lang='lat'><strong>1542),</strong></span> <span class='ocrx_word' id='word_1_199' title='bbox 663 1812 866 1845; x_wconf 87' lang='lat' dir='ltr'><strong>Moreliana</strong></span> <span class='ocrx_word' id='word_1_200' title='bbox 878 1811 1011 1855; x_wconf 87' lang='lat' dir='ltr'><strong>(Paris.</strong></span> <span class='ocrx_word' id='word_1_201' title='bbox 1034 1811 1168 1855; x_wconf 59' lang='lat'><strong>1558),</strong></span> <span class='ocrx_word' id='word_1_202' title='bbox 1187 1813 1407 1857; x_wconf 76' lang='lat' dir='ltr'><strong>stephania-</strong></span> 
     </span>
     <span class='ocr_line' id='line_1_27' title="bbox 37 1873 1408 1919; baseline -0.001 -11"><span class='ocrx_word' id='word_1_203' title='bbox 37 1884 106 1908; x_wconf 84' lang='lat' dir='ltr'><strong>nae</strong></span> <span class='ocrx_word' id='word_1_204' title='bbox 129 1884 240 1917; x_wconf 87' lang='lat' dir='ltr'><strong>saepe</strong></span> <span class='ocrx_word' id='word_1_205' title='bbox 270 1873 446 1917; x_wconf 83' lang='lat' dir='ltr'><strong>repetitae</strong></span> <span class='ocrx_word' id='word_1_206' title='bbox 479 1873 561 1906; x_wconf 91' lang='lat' dir='ltr'><strong>inde</strong></span> <span class='ocrx_word' id='word_1_207' title='bbox 586 1874 631 1906; x_wconf 86' lang='lat' dir='ltr'><strong>ab</strong></span> <span class='ocrx_word' id='word_1_208' title='bbox 657 1883 750 1906; x_wconf 90' lang='lat' dir='ltr'><strong>anno</strong></span> <span class='ocrx_word' id='word_1_209' title='bbox 774 1873 897 1916; x_wconf 83' lang='lat'><strong>1560.,</strong></span> <span class='ocrx_word' id='word_1_210' title='bbox 931 1873 1038 1907; x_wconf 86' lang='lat' dir='ltr'><strong>aliae.</strong></span> <span class='ocrx_word' id='word_1_211' title='bbox 1085 1873 1227 1919; x_wconf 84' lang='lat' dir='ltr'><strong>Singuli</strong></span> <span class='ocrx_word' id='word_1_212' title='bbox 1252 1874 1408 1908; x_wconf 84' lang='lat' dir='ltr'><strong>editores</strong></span> 
     </span>
     <span class='ocr_line' id='line_1_28' title="bbox 37 1934 1410 1980; baseline -0.001 -10"><span class='ocrx_word' id='word_1_213' title='bbox 37 1946 154 1980; x_wconf 83' lang='lat' dir='ltr'><strong>pauca</strong></span> <span class='ocrx_word' id='word_1_214' title='bbox 173 1936 217 1969; x_wconf 91' lang='lat' dir='ltr'><strong>de</strong></span> <span class='ocrx_word' id='word_1_215' title='bbox 234 1934 441 1969; x_wconf 86' lang='lat' dir='ltr'><strong>coniectura</strong></span> <span class='ocrx_word' id='word_1_216' title='bbox 458 1939 697 1978; x_wconf 84' lang='lat' dir='ltr'><strong>mutaverunt,</strong></span> <span class='ocrx_word' id='word_1_217' title='bbox 724 1935 867 1969; x_wconf 82' lang='lat' dir='ltr'><strong>felicius</strong></span> <span class='ocrx_word' id='word_1_218' title='bbox 887 1934 1034 1977; x_wconf 87' lang='lat' dir='ltr'><strong>reliquis</strong></span> <span class='ocrx_word' id='word_1_219' title='bbox 1051 1935 1190 1967; x_wconf 89' lang='lat' dir='ltr'><strong>Iacob</strong></span> <span class='ocrx_word' id='word_1_220' title='bbox 1203 1946 1250 1968; x_wconf 85' lang='lat' dir='ltr'><strong>us</strong></span> <span class='ocrx_word' id='word_1_221' title='bbox 1270 1936 1297 1968; x_wconf 92' lang='lat' dir='ltr'>C</span> <span class='ocrx_word' id='word_1_222' title='bbox 1309 1947 1358 1978; x_wconf 93' lang='lat' dir='ltr'><strong>ep</strong></span> <span class='ocrx_word' id='word_1_223' title='bbox 1370 1946 1410 1969; x_wconf 91' lang='lat'><strong>0-</strong></span> 
     </span>
     <span class='ocr_line' id='line_1_29' title="bbox 36 1995 1407 2042; baseline -0.002 -12"><span class='ocrx_word' id='word_1_224' title='bbox 36 1996 180 2038; x_wconf 80' lang='lat' dir='ltr'><strong>rinus,</strong></span> <span class='ocrx_word' id='word_1_225' title='bbox 205 1995 462 2030; x_wconf 84' lang='lat' dir='ltr'><strong>Cratandrinae</strong></span> <span class='ocrx_word' id='word_1_226' title='bbox 488 2000 680 2029; x_wconf 90' lang='lat' dir='ltr'><strong>corrector.</strong></span> <span class='ocrx_word' id='word_1_227' title='bbox 715 1997 876 2042; x_wconf 86' lang='lat' dir='ltr'><strong>Egregie</strong></span> <span class='ocrx_word' id='word_1_228' title='bbox 901 1997 944 2029; x_wconf 88' lang='lat' dir='ltr'><strong>de</strong></span> <span class='ocrx_word' id='word_1_229' title='bbox 964 1996 1119 2029; x_wconf 84' lang='lat' dir='ltr'><strong>Pindaro</strong></span> <span class='ocrx_word' id='word_1_230' title='bbox 1144 1995 1277 2028; x_wconf 89' lang='lat' dir='ltr'><strong>meruit</strong></span> <span class='ocrx_word' id='word_1_231' title='bbox 1299 1996 1407 2028; x_wconf 82' lang='lat' dir='ltr'><strong>Era-</strong></span> 
     </span>
     <span class='ocr_line' id='line_1_30' title="bbox 36 2056 1408 2102; baseline -0.001 -10"><span class='ocrx_word' id='word_1_232' title='bbox 36 2068 157 2092; x_wconf 84' lang='lat' dir='ltr'><strong>smus</strong></span> <span class='ocrx_word' id='word_1_233' title='bbox 172 2057 455 2098; x_wconf 79' lang='lat' dir='ltr'><strong>Schmidius,</strong></span> <span class='ocrx_word' id='word_1_234' title='bbox 474 2056 574 2090; x_wconf 88' lang='lat' dir='ltr'><strong>cuius</strong></span> <span class='ocrx_word' id='word_1_235' title='bbox 593 2056 701 2089; x_wconf 90' lang='lat' dir='ltr'><strong>editio</strong></span> <span class='ocrx_word' id='word_1_236' title='bbox 712 2057 967 2102; x_wconf 68' lang='lat' dir='ltr'><strong>Yitembergae</strong></span> <span class='ocrx_word' id='word_1_237' title='bbox 985 2056 1086 2089; x_wconf 83' lang='lat'>1616.</span> <span class='ocrx_word' id='word_1_238' title='bbox 1104 2057 1137 2089; x_wconf 89' lang='lat' dir='ltr'><strong>in</strong></span> <span class='ocrx_word' id='word_1_239' title='bbox 1158 2058 1278 2090; x_wconf 82' lang='lat' dir='ltr'><strong>lucem</strong></span> <span class='ocrx_word' id='word_1_240' title='bbox 1300 2057 1408 2091; x_wconf 91' lang='lat' dir='ltr'><strong>emis-</strong></span> 
     </span>
     <span class='ocr_line' id='line_1_31' title="bbox 0 2114 1409 2162; baseline 0 -9"><span class='ocrx_word' id='word_1_241' title='bbox 0 2114 1 2122; x_wconf 46' lang='lat'><em>*</em></span> <span class='ocrx_word' id='word_1_242' title='bbox 37 2130 80 2156; x_wconf 77' lang='lat' dir='ltr'><strong>sa</strong></span> <span class='ocrx_word' id='word_1_243' title='bbox 102 2123 167 2153; x_wconf 90' lang='lat' dir='ltr'><strong>est.</strong></span> <span class='ocrx_word' id='word_1_244' title='bbox 221 2120 276 2152; x_wconf 89' lang='lat' dir='ltr'><strong>De</strong></span> <span class='ocrx_word' id='word_1_245' title='bbox 309 2119 409 2152; x_wconf 86' lang='lat' dir='ltr'><strong>cuius</strong></span> <span class='ocrx_word' id='word_1_246' title='bbox 439 2128 553 2162; x_wconf 85' lang='lat' dir='ltr'><strong>opera</strong></span> <span class='ocrx_word' id='word_1_247' title='bbox 585 2129 650 2161; x_wconf 88' lang='lat' dir='ltr'><strong>per</strong></span> <span class='ocrx_word' id='word_1_248' title='bbox 680 2119 827 2161; x_wconf 87' lang='lat' dir='ltr'><strong>longam</strong></span> <span class='ocrx_word' id='word_1_249' title='bbox 859 2128 1035 2150; x_wconf 89' lang='lat' dir='ltr'><strong>annorum</strong></span> <span class='ocrx_word' id='word_1_250' title='bbox 1064 2118 1195 2152; x_wconf 88' lang='lat' dir='ltr'><strong>seriem</strong></span> <span class='ocrx_word' id='word_1_251' title='bbox 1229 2120 1409 2153; x_wconf 88' lang='lat' dir='ltr'><strong>Thebano</strong></span> 
     </span>
     <span class='ocr_line' id='line_1_32' title="bbox 38 2177 1408 2225; baseline 0 -10"><span class='ocrx_word' id='word_1_252' title='bbox 38 2184 167 2225; x_wconf 78' lang='lat' dir='ltr'><strong>poetae</strong></span> <span class='ocrx_word' id='word_1_253' title='bbox 192 2184 325 2214; x_wconf 81' lang='lat' dir='ltr'><strong>navata</strong></span> <span class='ocrx_word' id='word_1_254' title='bbox 349 2179 597 2213; x_wconf 87' lang='lat' dir='ltr'><strong>Dissenius</strong></span> <span class='ocrx_word' id='word_1_255' title='bbox 620 2179 672 2212; x_wconf 88' lang='lat' dir='ltr'><strong>ita</strong></span> <span class='ocrx_word' id='word_1_256' title='bbox 698 2177 890 2211; x_wconf 84' lang='lat' dir='ltr'><strong>iudicavit:</strong></span> <span class='ocrx_word' id='word_1_257' title='bbox 928 2177 1161 2219; x_wconf 87' lang='lat' dir='ltr'><strong>„Schmidius</strong></span> <span class='ocrx_word' id='word_1_258' title='bbox 1186 2185 1408 2215; x_wconf 89' lang='lat' dir='ltr'><strong>commenta-</strong></span> 
     </span>
     <span class='ocr_line' id='line_1_33' title="bbox 35 2239 1410 2286; baseline 0 -10"><span class='ocrx_word' id='word_1_259' title='bbox 35 2242 130 2277; x_wconf 89' lang='lat' dir='ltr'><strong>rium</strong></span> <span class='ocrx_word' id='word_1_260' title='bbox 145 2243 309 2285; x_wconf 82' lang='lat' dir='ltr'><strong>amplum</strong></span> <span class='ocrx_word' id='word_1_261' title='bbox 326 2241 544 2284; x_wconf 85' lang='lat' dir='ltr'><strong>doctumque</strong></span> <span class='ocrx_word' id='word_1_262' title='bbox 564 2239 717 2283; x_wconf 80' lang='lat' dir='ltr'><strong>scripsit,</strong></span> <span class='ocrx_word' id='word_1_263' title='bbox 740 2239 776 2273; x_wconf 93' lang='lat' dir='ltr'><strong>in</strong></span> <span class='ocrx_word' id='word_1_264' title='bbox 801 2250 843 2272; x_wconf 89' lang='lat' dir='ltr'><strong>eo</strong></span> <span class='ocrx_word' id='word_1_265' title='bbox 860 2250 947 2272; x_wconf 75' lang='lat' dir='ltr'><strong>vero</strong></span> <span class='ocrx_word' id='word_1_266' title='bbox 967 2240 1101 2274; x_wconf 81' lang='lat' dir='ltr'><strong>erravit</strong></span> <span class='ocrx_word' id='word_1_267' title='bbox 1118 2242 1289 2284; x_wconf 85' lang='lat' dir='ltr'><strong>maxime,</strong></span> <span class='ocrx_word' id='word_1_268' title='bbox 1314 2243 1410 2286; x_wconf 88' lang='lat' dir='ltr'><strong>quod</strong></span> 
     </span>
     <span class='ocr_line' id='line_1_34' title="bbox 37 2299 1411 2348; baseline 0.001 -12"><span class='ocrx_word' id='word_1_269' title='bbox 37 2314 104 2348; x_wconf 83' lang='lat' dir='ltr'><strong>pro</strong></span> <span class='ocrx_word' id='word_1_270' title='bbox 125 2307 332 2347; x_wconf 84' lang='lat' dir='ltr'><strong>temporum</strong></span> <span class='ocrx_word' id='word_1_271' title='bbox 354 2302 501 2342; x_wconf 85' lang='lat' dir='ltr'><strong>illorum</strong></span> <span class='ocrx_word' id='word_1_272' title='bbox 527 2301 660 2335; x_wconf 89' lang='lat' dir='ltr'><strong>iudicio</strong></span> <span class='ocrx_word' id='word_1_273' title='bbox 691 2301 737 2334; x_wconf 88' lang='lat' dir='ltr'><strong>ad</strong></span> <span class='ocrx_word' id='word_1_274' title='bbox 762 2299 902 2345; x_wconf 81' lang='lat' dir='ltr'><strong>logicas</strong></span> <span class='ocrx_word' id='word_1_275' title='bbox 927 2304 962 2334; x_wconf 87' lang='lat' dir='ltr'><strong>et</strong></span> <span class='ocrx_word' id='word_1_276' title='bbox 988 2301 1189 2336; x_wconf 86' lang='lat' dir='ltr'><strong>rhetoricas</strong></span> <span class='ocrx_word' id='word_1_277' title='bbox 1217 2303 1411 2338; x_wconf 80' lang='lat' dir='ltr'><strong>divisiones</strong></span> 
     </span>
     <span class='ocr_line' id='line_1_35' title="bbox 38 2362 1411 2410; baseline 0.001 -11"><span class='ocrx_word' id='word_1_278' title='bbox 38 2364 295 2410; x_wconf 87' lang='lat' dir='ltr'><strong>frigidissimas</strong></span> <span class='ocrx_word' id='word_1_279' title='bbox 319 2375 463 2398; x_wconf 88' lang='lat' dir='ltr'><strong>omnem</strong></span> <span class='ocrx_word' id='word_1_280' title='bbox 486 2363 521 2396; x_wconf 91' lang='lat' dir='ltr'><strong>in</strong></span> <span class='ocrx_word' id='word_1_281' title='bbox 545 2363 604 2397; x_wconf 86' lang='lat' dir='ltr'><strong>his</strong></span> <span class='ocrx_word' id='word_1_282' title='bbox 629 2362 848 2396; x_wconf 85' lang='lat' dir='ltr'><strong>carminibus</strong></span> <span class='ocrx_word' id='word_1_283' title='bbox 871 2363 1120 2397; x_wconf 84' lang='lat' dir='ltr'><strong>tractationem</strong></span> <span class='ocrx_word' id='word_1_284' title='bbox 1147 2368 1182 2398; x_wconf 86' lang='lat' dir='ltr'><strong>et</strong></span> <span class='ocrx_word' id='word_1_285' title='bbox 1205 2366 1411 2410; x_wconf 88' lang='lat' dir='ltr'><strong>dispositio-</strong></span> 
     </span>
     <span class='ocr_line' id='line_1_36' title="bbox 39 2424 1409 2470; baseline 0.001 -9"><span class='ocrx_word' id='word_1_286' title='bbox 39 2438 123 2461; x_wconf 86' lang='lat' dir='ltr'><strong>nem</strong></span> <span class='ocrx_word' id='word_1_287' title='bbox 144 2437 268 2461; x_wconf 83' lang='lat' dir='ltr'><strong>rerum</strong></span> <span class='ocrx_word' id='word_1_288' title='bbox 290 2426 487 2467; x_wconf 66' lang='lat' dir='ltr'><strong>revocavit,</strong></span> <span class='ocrx_word' id='word_1_289' title='bbox 513 2425 615 2470; x_wconf 87' lang='lat' dir='ltr'><strong>quasi</strong></span> <span class='ocrx_word' id='word_1_290' title='bbox 640 2424 821 2459; x_wconf 88' lang='lat' dir='ltr'><strong>orationes</strong></span> <span class='ocrx_word' id='word_1_291' title='bbox 846 2429 927 2458; x_wconf 88' lang='lat' dir='ltr'><strong>ante</strong></span> <span class='ocrx_word' id='word_1_292' title='bbox 952 2426 1076 2459; x_wconf 86' lang='lat' dir='ltr'><strong>oculos</strong></span> <span class='ocrx_word' id='word_1_293' title='bbox 1100 2427 1302 2463; x_wconf 83' lang='lat' dir='ltr'><strong>habeamus</strong></span> <span class='ocrx_word' id='word_1_294' title='bbox 1327 2440 1409 2461; x_wconf 91' lang='lat' dir='ltr'><strong>cum</strong></span> 
     </span>
     <span class='ocr_line' id='line_1_37' title="bbox 39 2487 1411 2533; baseline 0.001 -11"><span class='ocrx_word' id='word_1_295' title='bbox 39 2487 351 2533; x_wconf 73' lang='lat' dir='ltr'><strong>propositionibus,</strong></span> <span class='ocrx_word' id='word_1_296' title='bbox 372 2487 716 2530; x_wconf 81' lang='lat' dir='ltr'><strong>confirmationibus,</strong></span> <span class='ocrx_word' id='word_1_297' title='bbox 745 2487 1057 2530; x_wconf 78' lang='lat' dir='ltr'><strong>confutationibus,</strong></span> <span class='ocrx_word' id='word_1_298' title='bbox 1075 2488 1356 2533; x_wconf 84' lang='lat' dir='ltr'><strong>digressionibus</strong></span> <span class='ocrx_word' id='word_1_299' title='bbox 1376 2492 1411 2523; x_wconf 89' lang='lat' dir='ltr'><strong>et</strong></span> 
     </span>
     <span class='ocr_line' id='line_1_38' title="bbox 39 2549 1410 2594; baseline 0.001 -11"><span class='ocrx_word' id='word_1_300' title='bbox 39 2561 134 2594; x_wconf 80' lang='lat' dir='ltr'><strong>quae</strong></span> <span class='ocrx_word' id='word_1_301' title='bbox 154 2553 234 2584; x_wconf 87' lang='lat' dir='ltr'><strong>sunt</strong></span> <span class='ocrx_word' id='word_1_302' title='bbox 251 2549 396 2584; x_wconf 87' lang='lat' dir='ltr'><strong>similia.</strong></span> <span class='ocrx_word' id='word_1_303' title='bbox 421 2550 517 2584; x_wconf 91' lang='lat' dir='ltr'><strong>Sane</strong></span> <span class='ocrx_word' id='word_1_304' title='bbox 535 2550 648 2584; x_wconf 88' lang='lat' dir='ltr'><strong>habet</strong></span> <span class='ocrx_word' id='word_1_305' title='bbox 662 2550 772 2589; x_wconf 86' lang='lat' dir='ltr'><strong>,etiam</strong></span> <span class='ocrx_word' id='word_1_306' title='bbox 790 2550 933 2594; x_wconf 87' lang='lat' dir='ltr'><strong>poetica</strong></span> <span class='ocrx_word' id='word_1_307' title='bbox 953 2561 1011 2583; x_wconf 90' lang='lat' dir='ltr'><strong>ars</strong></span> <span class='ocrx_word' id='word_1_308' title='bbox 1028 2551 1129 2594; x_wconf 86' lang='lat' dir='ltr'><strong>leges</strong></span> <span class='ocrx_word' id='word_1_309' title='bbox 1144 2562 1239 2591; x_wconf 75' lang='lat' dir='ltr'><strong>suaS,</strong></span> <span class='ocrx_word' id='word_1_310' title='bbox 1253 2552 1316 2584; x_wconf 86' lang='lat' dir='ltr'><strong>sed</strong></span> <span class='ocrx_word' id='word_1_311' title='bbox 1336 2550 1410 2584; x_wconf 88' lang='lat' dir='ltr'><strong>alia</strong></span> 
     </span>
     <span class='ocr_line' id='line_1_39' title="bbox 41 2609 1409 2658; baseline 0.001 -14"><span class='ocrx_word' id='word_1_312' title='bbox 41 2614 96 2645; x_wconf 83' lang='lat' dir='ltr'><strong>est</strong></span> <span class='ocrx_word' id='word_1_313' title='bbox 114 2609 309 2653; x_wconf 84' lang='lat' dir='ltr'><strong>rhetorica,</strong></span> <span class='ocrx_word' id='word_1_314' title='bbox 333 2610 408 2644; x_wconf 82' lang='lat' dir='ltr'><strong>alia</strong></span> <span class='ocrx_word' id='word_1_315' title='bbox 427 2611 581 2656; x_wconf 88' lang='lat' dir='ltr'><strong>poesis.’⁷</strong></span> <span class='ocrx_word' id='word_1_316' title='bbox 618 2613 691 2646; x_wconf 91' lang='lat' dir='ltr'><strong>Sed</strong></span> <span class='ocrx_word' id='word_1_317' title='bbox 715 2613 771 2646; x_wconf 88' lang='lat' dir='ltr'><strong>vir</strong></span> <span class='ocrx_word' id='word_1_318' title='bbox 796 2612 1047 2658; x_wconf 87' lang='lat' dir='ltr'><strong>integerrimus</strong></span> <span class='ocrx_word' id='word_1_319' title='bbox 1069 2613 1182 2646; x_wconf 86' lang='lat' dir='ltr'><strong>multa</strong></span> <span class='ocrx_word' id='word_1_320' title='bbox 1205 2612 1294 2647; x_wconf 86' lang='lat' dir='ltr'><strong>vitia</strong></span> <span class='ocrx_word' id='word_1_321' title='bbox 1310 2612 1409 2657; x_wconf 86' lang='lat' dir='ltr'><strong>prio-</strong></span> 
     </span>
     <span class='ocr_line' id='line_1_40' title="bbox 0 2672 1408 2718; baseline 0.001 -13"><span class='ocrx_word' id='word_1_322' title='bbox 0 2714 1 2717; x_wconf 11' lang='lat'><em>*</em></span> <span class='ocrx_word' id='word_1_323' title='bbox 41 2683 122 2707; x_wconf 78' lang='lat' dir='ltr'><strong>rum</strong></span> <span class='ocrx_word' id='word_1_324' title='bbox 146 2672 406 2716; x_wconf 83' lang='lat' dir='ltr'><strong>exemplarium</strong></span> <span class='ocrx_word' id='word_1_325' title='bbox 439 2672 621 2718; x_wconf 85' lang='lat' dir='ltr'><strong>sagaciter</strong></span> <span class='ocrx_word' id='word_1_326' title='bbox 645 2674 788 2708; x_wconf 89' lang='lat' dir='ltr'><strong>sustulit</strong></span> <span class='ocrx_word' id='word_1_327' title='bbox 824 2678 859 2708; x_wconf 87' lang='lat' dir='ltr'><strong>et</strong></span> <span class='ocrx_word' id='word_1_328' title='bbox 881 2685 1044 2708; x_wconf 85' lang='lat' dir='ltr'><strong>amorem</strong></span> <span class='ocrx_word' id='word_1_329' title='bbox 1067 2673 1215 2707; x_wconf 89' lang='lat' dir='ltr'><strong>Pindari</strong></span> <span class='ocrx_word' id='word_1_330' title='bbox 1238 2673 1353 2707; x_wconf 80' lang='lat' dir='ltr'><strong>movit</strong></span> <span class='ocrx_word' id='word_1_331' title='bbox 1373 2672 1408 2707; x_wconf 86' lang='lat' dir='ltr'><strong>in</strong></span> 
     </span>
     <span class='ocr_line' id='line_1_41' title="bbox 0 2733 1409 2781; baseline -0.001 -13"><span class='ocrx_word' id='word_1_332' title='bbox 0 2754 2 2781; x_wconf 61' lang='lat'><em>5</em></span> <span class='ocrx_word' id='word_1_333' title='bbox 45 2733 242 2770; x_wconf 77' lang='lat' dir='ltr'><strong>Germania</strong></span> <span class='ocrx_word' id='word_1_334' title='bbox 264 2733 411 2779; x_wconf 88' lang='lat' dir='ltr'><strong>primus.</strong></span> <span class='ocrx_word' id='word_1_335' title='bbox 436 2753 482 2762; x_wconf 87' lang='lat'>—</span> <span class='ocrx_word' id='word_1_336' title='bbox 512 2735 600 2770; x_wconf 87' lang='lat' dir='ltr'><strong>Post</strong></span> <span class='ocrx_word' id='word_1_337' title='bbox 623 2735 851 2771; x_wconf 88' lang='lat' dir='ltr'><strong>Schmidium</strong></span> <span class='ocrx_word' id='word_1_338' title='bbox 885 2736 1087 2773; x_wconf 84' lang='lat' dir='ltr'><strong>Ioannes</strong></span> <span class='ocrx_word' id='word_1_339' title='bbox 1111 2734 1409 2776; x_wconf 86' lang='lat' dir='ltr'><strong>Benedictus,</strong></span> 
     </span>
    </p>
   </div>
  </div>
 </body>
</html>
