1751 2986
1358 125 1407 152 XV

55 220 176 253 cetera
199 218 468 262 pei-tractatque
491 214 612 250 omnia
636 216 694 250 vel
719 216 846 250 eodem
867 217 948 251 loco
972 217 1032 251 vel
1050 216 1123 251 alia
1139 215 1176 249 in
1202 220 1304 260 parte
1329 228 1409 251 car-

54 278 171 314 minis.
216 279 279 314 Sic
300 279 409 324 Pyth.
428 279 472 312 X.
498 289 599 311 orsus
623 288 645 310 a
668 278 855 312 nobilitate
879 277 1042 322 mythica
1063 278 1229 312 familiae
1252 279 1412 313 victricis

53 341 238 375 laudanda
261 341 389 375 deinde
413 340 459 373 ad
481 338 651 373 victorias
675 339 804 384 pergit,
829 344 904 373 tum
929 338 1073 373 divitias
1097 340 1205 382 addit,
1229 345 1411 384 postremo

54 400 133 445 ipse
156 400 277 435 omnia
300 412 371 436 una
393 401 535 435 notione
560 402 768 444 complexus
791 401 993 446 generatim
1017 401 1227 435 felicitatem
1250 402 1414 437 familiae

53 463 191 505 laudat,
210 473 389 497 summum
422 474 516 506 quae
547 468 739 506 assequuta
773 463 829 496 sit.
877 464 982 507 Pyth.
1004 463 1050 495 Il.
1076 468 1196 497 antem
1220 464 1255 497 in
1279 465 1414 508 princi-

54 523 116 568 pio
140 536 222 558 cum
245 525 379 558 bellica
403 525 508 559 laude
533 525 710 559 ludicram
735 536 904 558 coronam
928 525 1125 568 praedicat,
1151 525 1280 558 deinde
1304 537 1337 559 v.
1355 525 1411 559 57.

57 584 217 627 divitias,
251 586 446 630 potentiam
481 586 643 632 regiam,
676 587 834 631 gloriam
866 586 1063 620 militarem
1095 587 1250 630 amplius
1272 592 1412 623 tractat.

57 645 152 681 Nam
175 646 265 681 illud
288 647 434 691 quidem
459 648 566 682 etiam
593 660 660 681 non
684 648 839 681 monitus
862 649 983 690 vides,
1013 649 1164 682 bellicas
1187 660 1245 682 res
1270 654 1416 693 propter

56 706 172 750 δόξαν
195 712 231 742 et
252 709 364 749 κῦδος
387 708 498 743 etiam
519 709 556 742 iu
580 707 692 754 ὄλβου
716 710 824 742 laude
848 709 982 752 optime
1008 709 1142 750 ass'erri,
1170 710 1282 743 veluti
1306 710 1416 745 etiam

56 768 160 803 Nem.
183 770 246 803 lx.
271 769 425 814 facmm,
461 771 765 815 quemadmodum
788 774 930 804 ceterae
955 781 1095 813 quoque
1118 770 1268 804 virtutes
1293 771 1327 804 in
1352 772 1415 805 tali

57 841 150 864 nexu
180 830 272 864 inter
295 831 427 865 deeora
451 835 486 866 et
509 835 717 866 ornamenta
741 831 906 865 fortunae
931 831 1149 873 afferuntur,
1181 835 1220 865 ut
1241 832 1297 865 ΟΙ.
1316 833 1344 873 Ι,
1361 833 1416 866 13.

59 890 216 925 Gravius
246 895 300 925 est
323 903 468 926 monere
500 893 551 927 ita
574 894 652 927 fere
677 893 824 927 tractari
847 891 957 938 ὄλβον
981 904 1002 926 a
1026 897 1153 936 poeta,
1189 897 1227 926 ut
1250 893 1419 927 divinitus

57 953 241 999 significet
263 964 345 986 eum
369 953 492 987 datum
516 957 551 987 et
575 964 597 987 a
621 955 768 988 deorum
794 954 920 988 favore
945 954 1168 998 profectum3
1193 965 1284 997 quae
1307 966 1364 988 res
1382 959 1419 990 ut

57 1024 185 1049 veram
207 1014 353 1048 laudem
378 1011 490 1060 ὄλβου
516 1015 682 1057 continet,
708 1016 810 1049 cuius
834 1028 997 1048 summus
1018 1016 1189 1059 splendor
1212 1016 1245 1048 in
1267 1016 1346 1059 ipsa
1363 1016 1417 1049 di—

57 1075 143 1110 vina
175 1075 314 1120 origine
345 1076 454 1119 inest,
489 1076 540 1109 sic
573 1077 684 1110 etiam
717 1078 977 1110 admonitiones
1009 1077 1186 1118 iustitiae,
1219 1077 1360 1120 pietatis
1385 1082 1419 1112 ct

57 1136 256 1171 modestiae
280 1138 415 1181 optime
441 1143 646 1182 praeparat,
677 1149 767 1181 quac
793 1150 873 1170 cnm
898 1136 1011 1183 ὄλβου
1037 1140 1143 1172 lande
1168 1138 1338 1181 coniungi
1360 1150 1419 1172 so-

58 1200 134 1234 lent
155 1199 251 1242 apud
275 1199 483 1233 Pindarum.
529 1201 584 1234 Ita
616 1199 711 1233 enim
740 1199 922 1233 dissuadet
946 1200 1212 1233 immodestiam
1237 1205 1271 1233 et
1295 1211 1419 1244 super-

56 1260 169 1303 biam,
193 1261 287 1304 quod
309 1271 380 1293 non
399 1261 567 1294 humanis
591 1260 739 1302 viribus,
764 1262 827 1294 sed
853 1261 919 1294 diis
936 1261 1110 1294 debeatur
1129 1261 1283 1303 fortuna,
1307 1266 1342 1295 et
1366 1262 1420 1295 in—

59 1325 184 1368 gratus
205 1322 251 1356 sit
274 1322 369 1356 ferre
392 1322 573 1355 fortunam
598 1321 657 1364 qui
682 1327 844 1365 nequeat.
891 1323 952 1356 Sic
970 1334 1004 1356 v.
1027 1335 1057 1355 c.
1085 1323 1192 1366 Pyth.
1212 1323 1257 1362 ll,
1276 1322 1309 1354 7,
1335 1324 1421 1356 deos

58 1383 210 1419 Hieroni
241 1383 372 1417 eximie
402 1383 565 1417 faventes
596 1383 769 1416 exhibens
801 1395 1022 1427 praeparare
1046 1386 1124 1418 vult
1146 1388 1333 1426 sequentes
1356 1385 1422 1418 ad-

59 1445 272 1479 monitiones
295 1445 488 1490 mythicas,
513 1446 813 1488 quemadmodum
837 1446 944 1489 Pyth.
969 1447 1014 1487 X,
1036 1445 1091 1478 10.
1115 1445 1290 1488 Apollinis
1314 1446 1422 1479 laude

61 1506 189 1552 posita,
212 1518 328 1550 neque
351 1506 426 1540 alia
449 1518 507 1540 res
526 1506 580 1540 Ol.
598 1507 624 1548 Ι,
644 1502 721 1548 10,
737 1507 800 1539 ubi
826 1507 958 1539 chorus
977 1508 1100 1558 lovem
1126 1517 1254 1539 cancre
1281 1507 1314 1540 in
1330 1508 1422 1540 Hie-

59 1568 156 1602 ronis
179 1568 287 1602 domo
311 1568 436 1610 debet,
467 1568 588 1602 statim
620 1568 681 1601 hic
710 1568 938 1613 significante
963 1573 1070 1612 poeta
1103 1569 1197 1611 qnod
1223 1579 1286 1611 per
1310 1573 1423 1602 totum

62 1641 210 1665 carmen
233 1629 331 1675 agit,
363 1630 492 1663 favore
525 1634 561 1664 et
591 1630 725 1663 auxilio
757 1631 907 1663 deorum
940 1630 1072 1663 decora
1108 1629 1206 1664 vitae
1240 1631 1363 1674 parari
1388 1635 1423 1665 et

61 1691 286 1732 conservari,
319 1703 428 1734 quum
452 1691 624 1735 superbia
653 1695 689 1726 et
709 1691 896 1725 insolentia
920 1691 1138 1725 amittantur.
1187 1693 1294 1726 vides
1317 1704 1424 1736 prae-

62 1753 160 1787 claro
183 1752 314 1786 iudicio
347 1749 460 1798 ὄλβου
493 1752 593 1786 laudi
624 1765 693 1787 non
726 1764 884 1787 annexas
917 1754 1137 1787 extrinsecus
1166 1755 1426 1788 admonitiones

61 1814 245 1858 virtutum,
270 1815 333 1848 sed
357 1815 539 1848 derivatas
563 1826 606 1848 ex
631 1826 692 1858 ea,
718 1820 756 1849 ut
780 1816 872 1849 nihil
896 1819 947 1849 est
972 1815 1006 1848 in
1032 1816 1290 1850 sententiarum
1314 1817 1426 1851 ratio-

62 1875 167 1910 nibus
183 1879 259 1910 tam
279 1877 456 1920 pulcrum,
482 1877 577 1920 quod
595 1888 663 1910 non
683 1882 914 1921 assequutum
933 1877 978 1910 sit
988 1877 1211 1912 Graecorum
1231 1878 1425 1923 ingenium.

151 1937 226 1972 Sed
248 1939 417 1981 quoniam
447 1939 492 1972 de
523 1938 642 1972 laudis
667 1940 879 1973 tractatione
904 1939 1059 1972 dicentes
1083 1940 1261 1982 paulatim
1293 1940 1339 1973 ad
1372 1941 1427 1974 al-

61 2002 323 2034 teram-rerum
350 2003 502 2044 partem,
528 1996 871 2034 admonitiones
896 2001 997 2042 dico,
1024 2001 1247 2040 devenimus,
1272 2000 1426 2043 amplius

62 2060 109 2094 de
135 2071 180 2094 ea
202 2071 242 2094 re
266 2061 465 2096 videamus.
498 2063 658 2096 Primum
683 2062 792 2108 igitur
815 2072 991 2106 nusquam
1015 2062 1109 2094 nude
1136 2061 1235 2104 ponit
1260 2061 1428 2095 admoni-

63 2121 192 2164 tiones,
214 2123 279 2156 sed
302 2134 384 2156 cum
406 2124 514 2157 laude
537 2124 664 2158 miscet
688 2129 722 2157 et
747 2125 828 2157 inde
851 2123 960 2156 ducit.
997 2124 1102 2169 Pyth.
1124 2124 1152 2164 Ι,
1170 2122 1216 2156 80
1232 2135 1330 2167 seqq.
1348 2127 1429 2167 post

63 2183 242 2218 maximas
266 2185 395 2218 laudes
415 2195 538 2226 rerum
563 2189 748 2229 gestarum
774 2185 992 2228 abrumpens
1017 2186 1238 2225 orationem,
1265 2185 1350 2228 quia
1375 2185 1429 2218 in-

63 2244 151 2279 vida
173 2244 219 2279 sit
242 2244 375 2279 civium
393 2245 595 2287 multitudo,
620 2250 752 2289 tamen,
778 2247 839 2287 ait,
865 2247 1034 2290 quoniam
1051 2246 1181 2280 melior
1197 2246 1430 2281 miseratione

64 2306 212 2349 invidia,
236 2318 280 2340 ne
307 2308 432 2341 omitte
454 2309 592 2351 pulcra,
617 2318 731 2353 regna
754 2308 847 2341 iuste
872 2312 907 2342 et
929 2309 978 2342 sis
993 2319 1125 2348 verax3
1149 2308 1184 2341 in
1199 2319 1269 2352 quo
1289 2308 1431 2351 callide,

65 2371 105 2402 ut
127 2368 250 2411 vides,
275 2369 322 2403 ab
345 2379 416 2402 uno
440 2380 574 2413 genere
598 2369 714 2403 laudis
738 2371 784 2403 ad
809 2370 907 2403 aliud
930 2371 1057 2404 transit
1080 2381 1144 2413 per
1169 2381 1296 2404 vocem
1322 2369 1429 2404 καλά.

63 2429 152 2464 Mox
177 2429 286 2464 etiam
310 2431 358 2464 ad
379 2430 869 2475 liberalitatem,hortaturus
892 2432 1113 2474 Hieronem,
1137 2442 1264 2473 serva,
1290 2431 1352 2473 ait,
1377 2431 1432 2465 in-

65 2491 199 2534 dolem,
224 2503 316 2536 quae
340 2495 528 2537 praeclare
553 2493 588 2526 in
615 2497 649 2526 te
674 2493 787 2539 viget.
813 2513 856 2519 —
882 2494 990 2539 Pyth.
1012 2493 1059 2535 ΙΙ,
1076 2492 1132 2526 72.
1158 2496 1349 2537 postquam
1373 2503 1431 2525 re—

66 2553 124 2598 gis
147 2554 297 2589 senilem
327 2555 541 2599 sapientiam
570 2555 750 2597 laudavit,
783 2568 849 2600 per
881 2567 990 2600 quem
1022 2555 1098 2588 sine
1122 2555 1285 2598 periculo
1310 2554 1430 2587 dicere

67 2614 186 2659 liceat,
210 2616 593 2668 admonitionesaipsas
617 2617 755 2651 orditur
776 2617 846 2651 sic:
872 2619 1023 2652 Praesta
1047 2621 1082 2652 te
1103 2618 1236 2658 talem,
1268 2614 1385 2658 qualis
1409 2625 1432 2649 a

64 2679 194 2712 natura
215 2677 332 2714 factus
356 2690 413 2721 es,
449 2682 525 2713 tum
558 2682 820 2715 assentatorum
853 2683 888 2714 et
919 2689 1150 2714 susurronum
1175 2688 1308 2721 pravas
1333 2679 1429 2710 artes
