1751 2986
312 125 391 153 LXII

311 217 466 264 Sogenis
489 216 601 251 alium
624 217 746 250 locum
770 214 923 248 subiecit
946 225 1059 258 prope
1078 215 1334 259 necessarium,
1359 216 1421 250 ubi
1437 227 1561 260 preces
1584 215 1675 250 facit

311 291 377 325 pro
401 278 645 313 incolumitate
670 277 833 310 familiae
868 277 902 309 in
928 276 986 309 his
1019 277 1212 310 inimicitiis
1235 278 1456 321 aptissimas,
1492 281 1673 322 postremo

312 343 359 376 ad
383 353 421 374 se
446 341 564 384 ipsum
587 338 680 370 redit
703 338 738 370 in
763 337 853 377 fine;
881 337 1043 371 videmus
1067 351 1158 372 nunc
1183 339 1359 372 creditum
1379 339 1489 383 impie
1514 340 1558 373 de
1577 339 1674 373 Neo-

312 405 469 447 ptolemo
487 401 680 434 Pindarum
705 398 847 431 dixisse.
883 399 943 432 Sic
968 399 1080 444 igitur
1105 405 1140 434 et
1163 401 1227 435 illa
1247 390 1408 434 defensio
1423 412 1534 444 supra
1558 401 1676 445 posita

310 468 410 499 clara
435 467 506 502 est,
538 466 573 495 et
596 461 685 494 illud
716 460 822 493 simul
846 461 979 504 liquet,
1018 473 1079 494 cur
1104 466 1247 506 praeter
1270 462 1418 496 Aiacem
1446 461 1677 506 Neoptolemi

310 527 466 560 maxime
500 523 705 565 exemplum
736 534 845 566 supra
870 524 1076 563 adduxerit,
1109 525 1221 568 vulgo
1255 524 1290 557 in
1315 525 1532 569 Aegineticis
1564 525 1675 558 rebus

310 587 432 622 afferri
455 597 524 618 non
549 584 705 617 solitum.
764 585 877 628 Atque
903 584 954 618 ita
976 585 1223 628 pulcherrime
1249 586 1368 619 omnia
1393 587 1558 630 expedita
1582 590 1674 619 sunt.

307 648 484 684 Disertius
509 648 552 680 de
575 646 793 680 difficillimo
817 647 976 680 carmine
1001 647 1188 680 dicendum
1210 648 1379 690 iudicavi,
1404 652 1443 681 ut
1464 647 1676 691 explicatio-

310 723 392 745 nem
418 711 454 744 in
475 708 743 743 Commentario
768 707 923 751 positam
948 708 1056 741 etiam
1081 709 1132 741 sic
1156 709 1343 742 firmarem
1369 714 1404 743 et
1423 710 1568 743 Pindari
1592 721 1674 754 per-

308 771 545 808 fectissimam
571 772 686 803 artem
711 770 825 802 denuo
850 771 1050 803 luculenter
1074 772 1119 803 ob
1146 773 1269 805 oculos
1294 784 1476 816 ponerem.

399 832 553 867 Claudat
577 841 707 875 agmen
734 843 878 865 carmen
898 832 1000 866 Nem.
1023 834 1063 872 l.‚
1091 834 1190 867 cuius
1215 836 1340 878 pulcra
1365 835 1557 878 descriptio
1581 833 1674 867 haec

312 901 384 931 est:
435 894 497 928 ab
519 904 536 923 c
557 893 576 924 d
599 902 617 921 c
637 893 657 924 d
679 902 709 924 a.
752 894 793 927 In
834 894 1019 938 prooemio
1059 894 1251 929 victoriam
1293 895 1456 929 Chromii
1496 895 1674 929 ludicram

446 953 693 1021 x&

308 1028 511 1070 praemium
535 1030 708 1061 virtutum
732 1020 928 1066 insignium
948 1019 1032 1052 dicit
1057 1030 1078 1052 a
1103 1019 1169 1053 diis
1189 1021 1325 1053 datum.
1372 1020 1458 1052 Post
1481 1020 1575 1052 haec
1599 1019 1674 1063 pri-

307 1099 408 1120 mum
438 1087 631 1131 interponit
662 1088 781 1120 locum
808 1084 851 1116 de
883 1082 1049 1115 laudibus
1085 1082 1251 1125 Siciliae,
1294 1082 1420 1115 deinde
1453 1082 1499 1115 ad
1523 1081 1674 1115 virtutes

309 1149 405 1193 ipsas
428 1149 658 1192 explicandas
677 1146 835 1186 accedit3
861 1146 983 1179 laudat
1007 1155 1093 1178 vero
1115 1144 1341 1187 prudentiam
1367 1147 1400 1177 et
1417 1144 1673 1184 fortitudinem,

306 1211 358 1245 ita
382 1223 473 1245 nexa
499 1212 681 1254 utriusque
715 1208 857 1242 virtutis
883 1207 1115 1247 tractatione,
1146 1210 1184 1239 ut
1215 1206 1249 1239 in
1286 1206 1404 1249 priore
1437 1207 1516 1238 loeo
1549 1218 1582 1239 v.
1616 1205 1672 1239 31.

306 1273 409 1306 initia
431 1273 634 1306 habeantur
657 1271 814 1304 secundi.
860 1271 975 1313 Atque
996 1269 1065 1302 hoc
1090 1267 1138 1301 ita
1158 1268 1362 1301 necessario
1381 1268 1541 1307 factum3
1565 1279 1674 1311 quum

307 1334 403 1368 enim
435 1335 611 1367 secundus
644 1344 712 1365 non
746 1332 791 1365 sit
825 1342 933 1364 causa
965 1329 1113 1374 prioris·‚
1154 1331 1260 1363 aliter
1292 1329 1386 1363 necti
1429 1341 1497 1362 non
1533 1333 1673 1373 poterat

305 1401 413 1430 reete.
446 1397 606 1440 Denique
631 1395 780 1429 laudata
797 1392 1005 1425 fortitudine
1026 1393 1205 1435 Herculis,
1231 1392 1392 1426 Tiresias
1415 1392 1449 1425 in
1466 1392 1538 1424 fine
1563 1392 1672 1425 etiam

305 1459 508 1503 praemium
531 1459 698 1491 laborum
723 1455 873 1488 ostendit
897 1455 1059 1498 requiem
1083 1458 1117 1488 et
1141 1454 1350 1488 felicitatem
1375 1453 1671 1498 pulcherrimam,

305 1520 433 1564 quibus
457 1520 578 1553 verbis
610 1522 716 1562 poeta
741 1519 786 1551 ad
819 1517 959 1549 initium
983 1516 1076 1549 redit
1107 1520 1141 1549 et
1163 1517 1330 1550 ultimum
1366 1516 1491 1548 orbem
1517 1515 1671 1549 conficit.

303 1584 418 1626 Atque
442 1583 534 1615 haec
558 1582 742 1613 hactenus.
790 1579 1013 1611 Perlustrata
1036 1582 1116 1611 sunt
1140 1579 1260 1611 omnia
1283 1577 1458 1618 carmina,
1485 1580 1519 1610 et
1543 1578 1674 1621 poterit

304 1645 417 1678 lector
450 1654 541 1675 nunc
572 1641 649 1684 ipse
679 1640 838 1673 iudicare
869 1640 913 1672 (le
946 1643 1022 1672 arte
1058 1640 1213 1673 Pindari.
1271 1640 1395 1683 Neque
1428 1650 1515 1672 vero
1548 1640 1592 1672 de
1616 1640 1670 1673 in-

304 1703 441 1737 dustria
459 1701 726 1735 artificiosiores
745 1701 993 1745 dispositiones
1012 1701 1184 1744 quaesivi,
1210 1702 1271 1734 sed
1291 1700 1418 1745 potius,
1436 1701 1496 1734 ubi
1516 1713 1671 1745 possem,

303 1765 544 1809 simpliciores
577 1763 749 1807 praetuli,
790 1764 883 1806 qnod
917 1763 1095 1808 intelliget
1128 1763 1187 1806 qui
1224 1764 1366 1808 singula
1398 1764 1671 1798 examinaverit.

303 1828 415 1861 Modo
438 1826 546 1859 simul
571 1826 614 1859 ad
639 1824 933 1869 praeparationes
957 1824 1090 1867 ubique
1114 1825 1283 1866 attendat,
1313 1828 1347 1857 ct
1371 1837 1480 1868 quum
1504 1826 1672 1870 Epinicia

303 1889 392 1932 sint,
415 1888 556 1922 ludicra
580 1888 687 1921 laude
711 1890 831 1921 teneat
854 1890 893 1920 ut
920 1886 1117 1931 plurimum
1141 1886 1220 1931 regi
1244 1898 1366 1920 rerum
1390 1898 1546 1921 curstun.

392 2072 508 2106 Docui
533 2073 566 2105 in
593 2071 883 2105 antecedentibus
909 2072 1052 2115 qualem
1078 2071 1154 2115 ipse
1178 2070 1381 2115 intelligam
1406 2071 1582 2105 rationem
1607 2082 1667 2105 ar-

301 2138 446 2177 temque
473 2134 673 2167 carminum
699 2133 971 2167 Pindaricorum
998 2138 1033 2168 et
1059 2134 1149 2167 alios
1173 2133 1255 2177 quid
1285 2137 1404 2167 tenere
1430 2134 1563 2168 debere
1588 2146 1666 2168 ere-

302 2195 403 2237 dam,
433 2198 473 2228 ut
496 2195 636 2237 penitus
670 2198 815 2238 poetam
847 2196 1069 2241 intelligant3
1104 2208 1169 2229 nec
1202 2208 1348 2237 vereor,
1380 2208 1424 2229 ne
1455 2196 1567 2230 futuri
1599 2197 1669 2231 sint

302 2256 360 2300 qui
386 2256 474 2290 talia
498 2256 618 2289 aliena
643 2258 789 2291 credant
812 2259 857 2291 ab
878 2258 1080 2303 interpretis
1097 2259 1232 2300 officio,
1258 2262 1318 2292 aut
1337 2258 1553 2300 aestimat—is,
1579 2269 1667 2301 quos

302 2318 435 2359 dicunt,
460 2317 562 2350 libris
585 2323 769 2352 reservata
794 2320 924 2361 veliut3
948 2321 978 2354 si
1002 2325 1121 2354 tamen
1146 2321 1225 2362 sint,
1251 2322 1318 2354 hos
1342 2320 1525 2353 recordari
1543 2320 1664 2364 velim,

301 2379 384 2423 quid
410 2380 612 2412 accuratior
631 2381 901 2415 hermeneutica
926 2369 1092 2426 postulet.
1127 2382 1410 2416 Hcrmeneutica
1428 2382 1540 2425 vulgo
1561 2392 1666 2414 enar-

299 2441 391 2475 ratio
416 2441 545 2474 dicitur
561 2443 797 2485 scriptorum3
822 2444 884 2477 sed
913 2455 1081 2477 enarrare
1109 2456 1176 2476 non
1204 2448 1315 2487 poteS‚
1341 2446 1532 2484 antequam
1560 2442 1665 2475 intel-

300 2503 453 2544 lexeris3
486 2504 578 2536 unde
612 2508 710 2537 recte
734 2505 999 2539 Bocckhius
1032 2504 1066 2538 in
1100 2504 1355 2538 Dissertationc
1388 2504 1431 2537 de
1458 2504 1550 2537 Crisi
1579 2504 1665 2538 Pin-

300 2565 426 2599 darica
454 2566 592 2598 notavit
624 2566 848 2611 intelligendi
880 2572 995 2602 artem
1020 2579 1098 2601 esse
1123 2566 1429 2600 hermeneuticam
1461 2566 1662 2600 dicendam.

300 2628 402 2661 llaec
428 2638 512 2661 vero
535 2639 594 2661 res
617 2630 730 2662 multa
755 2630 901 2675 negotia
925 2631 1045 2674 habet,
1081 2632 1118 2663 ut
1142 2629 1209 2663 rite
1235 2628 1453 2672 perficiatur.
1501 2628 1663 2662 Primum
