1794 2982
310 109 390 149 198
700 100 1298 151 ΝΕΜΕΟΝΙΚΑΓξ.

445 213 560 274 μένει
579 209 783 271 οὐρανός.
808 208 920 255 ἄλλά
940 228 980 256 τι
998 209 1306 271 προςφέρομεν
1326 211 1463 271 ἔμπαν
1487 208 1513 274 ἢ
1535 210 1670 272 μέγαν

383 285 412 327 5
448 280 556 327 νόον
588 276 686 340 ἤτοι
722 275 864 338 φύσιν
898 275 1155 333 ἀθανάτοις,

446 347 602 405 καιπερ
638 344 876 405 ἐφαμερίαν
911 343 997 391 οὐκ
1033 343 1197 401 εἰδότες
1230 342 1339 390 οὐδὲ
1373 341 1478 404 μετα
1517 342 1680 400 νύκτας

451 412 560 473 ἄμμι
588 411 754 472 πότμος
987 430 990 433 ’
1639 419 1680 452 10

449 482 547 527 οἷἀν
580 478 660 525 τιν’
695 479 853 541 ἔγραψε
889 480 1068 538 δρακεῖν
1102 477 1202 522 ποτὶ
1238 475 1453 524 σταθιιαν.

1490 573 1594 623 Ἀντ.
1631 573 1683 621 α’.

449 646 666 706 τεκμαίρει
685 645 761 691 καί
782 663 865 692 νυν
882 643 1130 705 Ἀλκιμίδας
1154 642 1207 689 τὸ
1239 644 1442 706 συγγενὲς
1466 643 1570 689 ἰδεῖν
1642 651 1684 685 15

355 719 417 763 10
454 712 552 775 α’γχι
582 712 890 780 καρποφόροις
926 710 1205 772 ἀρούραισιν.
1240 711 1318 758 αἵτ’
1356 710 1634 772 αιιειβόμεναι

342 792 425 835 (10)
449 799 561 829 τοκα
607 782 685 842 μὲν
730 782 794 827 ὠν
840 781 939 840 βίον
985 777 1195 839 ιῖνδράσιν
1242 776 1481 843 ἐπηετανὸν
1526 776 1688 823 πεδίων

995 847 1128 892 {dosa
1118 863 1170 902 v,

453 914 562 962 τόκα
612 912 651 961 ὁ’
699 905 793 960 αὕτ’
839 911 1204 973 ιῖναπαυσάμεναι
1259 912 1422 969 σθένος
1474 909 1686 970 ἔμαρψαν.

995 974 1109 1043 ήλθέ
1143 998 1211 1026 τοι
1643 985 1688 1018 20

458 1048 634 1108 Νειιέας
670 1045 714 1102 ἐξ
746 1047 914 1107 ἐρατῶν
949 1046 1127 1094 a’e'fflcov

454 1121 559 1172 παῖς
581 1113 827 1176 ἐναγώιιος,
863 1112 913 1170 ὃς
942 1114 1106 1161 ταύταν
1132 1113 1338 1174 ιιεθὲπων
1359 1110 1528 1157 Διόθεν
1560 1106 1689 1155 αἶσαν

361 1187 421 1232 15
457 1187 542 1229 νῦν
575 1181 795 1242 πέφανται
1645 1187 1690 1219 95

456 1248 545 1296 οὐκ
578 1247 776 1309 ι’ἱμιιορος
811 1246 925 1309 ἄιιᾳὶ
958 1247 1080 1294 ,τάλα
1113 1246 1367 1308 κυναγέτας,

369 1361 402 1382 v.
428 1349 460 1382 7.
487 1346 652 1402 ἅμμε-
677 1360 708 1381 v,
734 1347 766 1380 8.
794 1342 910 1380 ἅντιν’
937 1366 978 1370 —
1005 1358 1035 1379 v.
1066 1347 1119 1382 ll.
1147 1344 1343 1391 ἄνδρεσσιν

346 1397 426 1429 .15
452 1407 524 1438 seq.
549 1390 708 1436 πέφαντ’
733 1390 801 1426 ov'n
827 1390 873 1425 ἅ-

548 1451 678 1484 μοιρος

413 1546 448 1567 v.
472 1533 506 1567 7.
556 1529 664 1576 [αμμι
696 1530 778 1565 dedi
811 1542 892 1564 cum
924 1531 1007 1564 Par.
1032 1530 1063 1563 Β
1100 1533 1135 1563 et
1169 1531 1378 1565 Scholiasta
1408 1541 1467 1572 eo
1504 1530 1562 1574 qni
1598 1531 1691 1563 haec

325 1580 376 1614 ita
401 1578 626 1622 explanavit:
659 1579 790 1631 καίπερ
824 1575 892 1611 οὐκ
925 1574 1075 1616 εἰδότες,
1115 1576 1187 1610 εἴτε
1213 1575 1251 1609 ἐν
1276 1575 1394 1622 ἡμέοα
1428 1577 1480 1610 εἴτ
1485 1589 1499 1610 ε
1525 1576 1564 1609 ἐν
1586 1575 1693 1609 νυκτὶ

324 1623 467 1668 πότμος
491 1623 626 1669 ἔγραψε
652 1621 720 1676 τὴν
745 1622 965 1667 εἳμαομένην
990 1619 1080 1662 ἡμῖν
1105 1621 1166 1654 καὶ
1192 1622 1258 1655 τὸν
1281 1610 1464 1655 θάνατον.
1513 1621 1633 1663 SCH.]

414 1682 448 1702 v.
476 1665 1062 1712 8.1111g052vm'.l3000khius
1088 1666 1172 1699 οἷαν
1197 1664 1266 1700 τιν’
1292 1668 1336 1699 ob
1357 1672 1523 1706 metrum,
1549 1671 1586 1699 ut
1606 1666 1693 1699 olim

326 1715 530 1748 coniecerat
559 1715 799 1747 Hermannus.
855 1713 1010 1745 Omnino
1042 1711 1160 1745 ultimi
1194 1713 1264 1745 duo
1298 1724 1426 1745 versus
1461 1713 1695 1755 stropharum

326 1764 361 1794 et
386 1759 690 1803 antistropharum
715 1758 750 1791 in
775 1759 846 1790 hoc
872 1757 1029 1790 carmine
1053 1756 1131 1789 fere
1157 1758 1314 1800 corrupti
1338 1762 1437 1796 sunt,
1475 1759 1517 1790 de
1543 1768 1694 1809 quorum

326 1805 577 1839 emendatione
594 1806 821 1837 Hermannus
846 1803 949 1836 aliter
974 1814 1065 1835 nunc
1090 1803 1195 1836 sentit
1220 1814 1328 1846 quam
1352 1808 1468 1836 antea.
1516 1803 1568 1835 Ac
1595 1802 1694 1846 prio-

325 1862 384 1884 res
409 1850 676 1884 emendationes
710 1849 786 1881 eius
817 1849 986 1892 leguntur
1011 1847 1047 1880 in
1072 1848 1320 1881 dissertatione
1355 1849 1398 1881 dc
1423 1848 1585 1881 Dialecto
1611 1848 1696 1880 Pin—

326 1896 405 1929 dari
442 1901 476 1929 et
507 1896 602 1939 apud
635 1876 876 1927 ΒοεοΙιΙιίιιιιιῠ
895 1893 928 1926 in
962 1893 1057 1926 Xott.
1093 1893 1215 1933 Critt.;
1255 1894 1471 1927 recentiores
1503 1893 1538 1926 in
1564 1892 1698 1936 Heynii

325 1941 481 1975 editione
505 1940 702 1974 novissima
727 1939 925 1979 habentur,
960 1942 994 1971 et
1016 1937 1195 1972 indicatae
1219 1944 1300 1972 sunt
1331 1950 1353 1972 a
1377 1951 1434 1972 me
1459 1939 1494 1972 in
1518 1937 1697 1972 Boeckhii

326 1987 482 2020 editione
515 1987 562 2020 ad
599 1987 694 2019 hunc
728 1986 870 2025 locum,
902 1984 964 2016 ubi
997 1983 1108 2016 etiam
1141 1984 1386 2029 significatum
1418 1988 1492 2026 est,
1529 1995 1592 2017 cur
1625 1984 1698 2016 hae

325 2032 418 2065 mihi
442 2032 520 2065 fere
546 2042 669 2064 omnes
694 2029 917 2073 displiceant.
955 2029 1052 2073 [Ego
1077 2041 1203 2062 xersus
1221 2031 1311 2062 duos
1336 2030 1483 2063 ultimos
1500 2030 1609 2073 paulo
1629 2028 1697 2062 ali-

324 2080 381 2110 ter
405 2077 579 2121 desciipsi
612 2081 717 2119 atque
744 2075 950 2108 Boeckhius
975 2074 1135 2114 fecerat3
1169 2076 1252 2109 wide
1275 2076 1321 2108 ad
1353 2088 1387 2109 v.
1413 2075 1458 2108 55
1483 2087 1557 2118 seq.
1616 2074 1700 2116 Qua

325 2121 360 2155 in
386 2134 425 2155 re
451 2123 597 2167 egregie
623 2133 682 2154 me
718 2121 856 2154 adiuvit
879 2120 1047 2153 Ahrentis
1082 2121 1155 2154 mei
1179 2132 1348 2163 acumen,
1383 2121 1442 2164 qui
1477 2119 1700 2173 difficillima.

328 2178 492 2210 quaeque
526 2167 677 2212 egregie
710 2165 894 2209 expedivit
917 2165 1132 2209 omninoque
1156 2172 1281 2200 auctor
1311 2166 1401 2199 mihi
1428 2165 1542 2199 extitit
1566 2164 1699 2198 carmi-

327 2212 382 2245 nis
406 2214 516 2256 paulo
542 2213 647 2246 aliter
682 2211 943 2244 conformandi.
1001 2211 1040 2244 In
1074 2223 1142 2254 quo
1176 2211 1321 2257 negotio
1346 2216 1483 2245 tantum
1509 2211 1631 2250 abest,
1662 2212 1702 2243 ut

326 2257 503 2291 librorum
539 2262 573 2290 et
598 2256 828 2291 Scholiorum
862 2256 1048 2290 memoriis
1078 2240 1316 2298 iiluserim118‚
1350 2262 1389 2290 ut
1424 2257 1498 2290 iam
1521 2255 1702 2307 scriptura.

328 2303 376 2335 ad
408 2314 469 2336 eas
498 2304 606 2347 longe
632 2303 779 2345 propius
815 2307 973 2335 retracta
998 2302 1053 2335 sit.
1111 2304 1157 2336 At
1180 2304 1251 2336 hoc
1276 2302 1420 2346 quidem
1446 2304 1527 2336 loco
1551 2298 1703 2334 Ahrenti

328 2358 399 2382 non
405 2348 550 2404 parui,
578 2348 638 2392 qui
662 2347 812 2381 Scholia
837 2348 931 2380 hanc
956 2351 1057 2391 putet
1080 2349 1268 2381 ostendere
1293 2347 1526 2390 scripturam:
1553 2342 1700 2378 αἶσαν

328 2391 413 2426 τίν’
440 2392 578 2447 ἔγραψε
604 2394 758 2437 δραμεῖν
780 2393 869 2426 ποτὶ
895 2394 1080 2435 σταθμαν.
1138 2393 1232 2426 Nam
1267 2393 1375 2425 valde
1411 2391 1566 2424 insolens
1592 2389 1702 2423 fuerit

329 2438 438 2472 dictio
460 2438 602 2481 πότμος
626 2425 736 2471 αἶσαν
759 2437 894 2481 γράφει
918 2439 1073 2483 δραμεῖν
1108 2438 1194 2471 ποτὶ
1218 2436 1404 2480 στάθμαν.
1452 2436 1577 2479 Quare
1604 2436 1701 2469 Boe—

330 2483 438 2517 ckhio
463 2483 627 2518 adhaesi.
676 2483 798 2525 SCH]

419 2529 536 2562 v.11.
587 2525 1049 2581 [ἅνδρασινΗοιιιιῑιῃιιιιε.
1097 2527 1218 2570 SCH]

421 2586 456 2608 v.
483 2573 528 2607 15
559 2585 632 2617 seq.
690 2573 809 2616 Vulgo
842 2571 1000 2614 πέφαντ’
1034 2569 1113 2609 ου’κ.
1149 2571 1322 2616 ἄμοιρος,
1365 2574 1489 2604 contra
1532 2572 1699 2604 metrum.

331 2620 560 2653 Hermannus
585 2618 692 2652 οΙίιιι.
718 2619 906 2660 πέφανται
925 2615 995 2652 οὐκ
1012 2615 1191 2664 ἄμμορος,
1217 2617 1312 2662 quod
1328 2617 1467 2661 recepit
1482 2615 1702 2650 Boeckhius.

331 2664 448 2708 Atque
473 2669 526 2699 est
551 2662 717 2709 ἄμμορος
739 2662 775 2696 in
799 2663 890 2708 Aug.
918 2663 957 2696 C.
