1751 2986
289 75 318 101 11

291 166 449 209 aliunde,
480 176 546 199 nec
569 164 638 199 fuit
661 175 770 209 gens,
794 174 886 207 quae
909 163 945 197 in
966 163 1177 197 tractatione
1201 166 1235 198 et
1258 162 1462 197 inventione
1479 166 1555 196 tam
1576 162 1649 196 sin-

291 229 422 273 gulare
438 238 586 261 acumen
603 230 747 269 tamque
764 224 958 258 mirificum
974 224 1145 258 iudicium
1163 225 1366 258 ostenderet
1381 234 1489 267 quam
1507 222 1651 257 Graeci.

294 289 397 333 Quae
420 298 479 321 res
511 298 621 330 quum
644 286 681 319 in
705 285 786 319 aliis
815 285 980 328 plurimis
1002 285 1234 329 scriptoribus
1268 287 1467 319 luculenter
1489 286 1653 328 apparet,

294 354 370 385 tum
404 349 438 382 in
462 349 640 388 Pindaro,
671 355 693 380 a
724 347 823 379 cuius
859 345 1096 391 intelligentia
1126 348 1234 390 longe
1271 346 1356 380 olim
1381 346 1574 379 abfuerunt
1596 344 1657 389 qui

296 422 406 445 caeco
429 410 568 453 impetu
592 409 781 451 abreptum
805 407 839 440 in
865 408 937 440 alia
962 407 1080 440 omnia
1101 408 1201 441 abire
1227 412 1404 451 putarunt,
1427 407 1504 440 sive
1522 407 1656 450 imper-

297 472 432 506 fectam
456 472 565 504 talem
587 469 761 502 rationem
782 469 941 502 dicerent
963 470 1040 502 sive
1067 469 1331 502 admirarentur
1361 474 1395 502 et
1421 468 1497 502 veri
1525 467 1659 512 ingenii

298 535 551 568 documentum
576 531 762 564 haberent.
821 531 893 564 Sed
915 531 986 562 hoc
1011 540 1132 561 errore
1156 528 1216 561 vix
1242 533 1294 561 est
1318 530 1426 562 hodie
1451 529 1512 573 qui
1535 533 1658 562 tenea-

296 599 373 636 tur,
409 597 597 637 postquam
622 592 666 624 de
689 590 855 623 universa
879 589 1020 632 poesios
1046 590 1209 622 Graecae
1244 589 1381 623 ratione
1412 590 1543 624 rectius
1566 589 1658 624 iudi-

297 655 373 689 cari
397 658 565 698 coeptum
589 656 652 694 est,
679 651 744 685 etsi
765 654 933 694 quantam
958 651 1052 684 infra
1069 651 1254 684 ostendam
1279 650 1313 683 in
1332 651 1403 683 hoc
1421 655 1527 694 poeta
1544 654 1658 685 artem

298 716 411 750 fuisse
435 727 504 748 non
527 725 649 748 omnes
673 713 707 746 in
733 712 891 746 animum
916 713 1127 746 induxerint.
1163 712 1305 746 Eximie
1323 723 1410 746 vero
1434 712 1532 746 viam
1557 711 1660 744 nobis

300 778 503 811 munierunt
559 774 736 818 imprimis
787 774 1024 807 Frideriei
1071 773 1281 807 Iacobsii
1338 777 1373 806 et
1419 771 1659 806 Friderici

296 837 580 873 Thierschii
611 836 820 880 praeclarae
854 834 1129 878 disputationes,
1163 846 1315 878 quarum
1348 834 1408 868 hic
1442 835 1477 868 in
1508 833 1660 868 Praefa-
1705 850 1711 854 ·
1742 847 1743 852 ¹

298 900 393 935 tione
418 900 466 933 ad
489 898 698 932 Versionem
725 896 979 930 Germanicam
1004 902 1152 941 poetae,
1188 897 1250 930 ille
1275 896 1309 929 in
1332 896 1592 930 Additamentis
1613 895 1660 930 ad

298 962 490 996 Sulzerum
523 960 572 994 ita
596 960 639 993 de
663 958 810 992 Pindari
835 962 912 992 arte
936 958 1026 1003 egit,
1062 963 1102 992 ut
1126 960 1303 1002 permulta
1327 957 1462 991 monita
1486 962 1521 991 et
1543 956 1660 1000 expli-

301 1026 382 1056 cata
405 1022 606 1055 habeamus
631 1021 802 1065 egregie,
836 1031 903 1053 nec
928 1020 1040 1063 possit
1069 1019 1341 1065 magnificentia
1371 1020 1503 1052 horum
1527 1017 1660 1051 carmi-

298 1094 384 1116 num
410 1082 592 1126 incognita
618 1093 695 1114 esse
715 1072 895 1124 cuiduam,
920 1081 979 1124 qui
997 1081 1065 1114 ista
1079 1081 1221 1125 legerit.
1264 1080 1338 1114 Nec
1356 1081 1473 1114 minus
1496 1080 1532 1113 in
1549 1080 1661 1113 Boe-

300 1144 434 1177 ckhii
467 1143 619 1176 editione
653 1144 713 1185 qui
738 1143 928 1176 attenderit
957 1144 1070 1175 multa
1103 1143 1148 1175 ab
1188 1142 1322 1175 editore
1346 1141 1568 1175 Bcrolinensi
1599 1140 1660 1174 hic

299 1205 374 1239 illic
397 1207 519 1237 notata
537 1203 674 1237 videbit
698 1208 814 1245 acute,
840 1207 874 1237 et
890 1214 912 1237 a
928 1204 1160 1236 Muellcro
1186 1202 1219 1235 in
1245 1203 1337 1236 libro
1355 1204 1398 1236 de
1416 1202 1660 1236 Doriensibus.

299 1267 404 1310 Quae
435 1264 556 1297 omnia
588 1264 650 1297 hic
683 1267 847 1306 repetere
878 1274 946 1296 non
982 1268 1036 1297 est
1058 1263 1218 1304 animus,
1255 1264 1340 1297 licet
1369 1269 1454 1298 nota
1477 1275 1521 1297 ea
1551 1263 1662 1297 velim

299 1326 484 1367 omnibus,
519 1325 579 1368 qui
612 1325 658 1357 ad
683 1324 829 1357 Pindari
858 1324 1049 1357 lectionem
1073 1325 1265 1364 aceedant3
1299 1327 1364 1358 sed
1388 1327 1520 1359 addere
1546 1324 1661 1368 potius

297 1388 356 1422 his
381 1387 546 1421 constitui
578 1387 671 1426 alia,
706 1395 798 1428 quae
822 1385 899 1428 ipse
923 1386 1143 1420 diuturniore
1166 1397 1231 1419 usu
1256 1386 1468 1419 observasse
1492 1386 1584 1419 mihi
1606 1385 1663 1419 vi·-

300 1450 398 1483 deor.
453 1449 493 1482 In
526 1458 596 1491 qua
628 1458 666 1480 re
697 1446 748 1479 ita
780 1447 974 1488 versabor,
1009 1451 1049 1481 ut
1079 1448 1125 1480 ad
1157 1447 1227 1480 tria
1260 1447 1380 1490 capita
1413 1458 1557 1480 omnem
1589 1446 1662 1479 dis-

300 1510 521 1554 putationem
553 1517 727 1541 revocans
765 1507 873 1540 simul
915 1507 967 1540 sie
999 1507 1300 1550 interpretationis
1333 1518 1448 1551 genus
1486 1507 1522 1540 in
1553 1508 1663 1541 Com-

299 1570 477 1604 mentario
502 1569 704 1603 adhibitum
727 1568 905 1601 illustrem
929 1572 964 1602 et
988 1569 1210 1601 confirmem.
1253 1568 1381 1602 Dicam
1403 1580 1490 1602 vero
1507 1568 1663 1612 primum

300 1631 345 1664 de
366 1629 550 1664 sententiis
571 1630 736 1671 summis,
768 1640 861 1672 quae
884 1629 942 1663 his
976 1629 1194 1663 carminibus
1222 1629 1426 1671 subiectae,
1464 1630 1594 1664 deinde
1616 1631 1661 1664 de

300 1691 514 1727 tractatione
539 1690 760 1735 argumenti,
786 1691 937 1734 denique
961 1691 1006 1724 de
1030 1691 1258 1735 dispositione
1282 1691 1447 1735 partium.

299 1799 369 1832 DE
395 1797 861 1833 SENTENTIARUM
893 1798 1162 1841 RATIONE,
1196 1798 1347 1842 QUAE
1378 1798 1658 1833 EPINICIIS

799 1860 1147 1893 SUBIECTAE.

390 1937 510 1979 Quum
530 1947 634 1969 omne
653 1947 796 1970 carmen
817 1948 958 1970 summa
977 1937 1099 1980 aliqua
1118 1936 1292 1971 sententia
1309 1937 1659 1981 (Grundgedanken)

298 1997 519 2031 contineatur
547 1997 609 2030 toti
633 1999 807 2039 subiecta,
833 1999 924 2032 unde
947 1999 1113 2043 singulae
1138 1999 1171 2032 in
1197 2011 1239 2032 eo
1266 1998 1403 2042 posita'e
1428 2002 1547 2041 partes
1571 2009 1658 2041 pen-

299 2059 418 2100 deant,
454 2059 701 2102 Epiniciorum
726 2059 998 2093 Pindaricorum
1021 2060 1196 2094 rationem
1221 2059 1459 2104 exploraturis
1484 2059 1602 2102 prima
1623 2063 1659 2095 et

298 2119 458 2153 maxima
491 2124 570 2153 ante
597 2120 669 2154 alia
705 2121 824 2153 omnia
857 2121 1006 2154 offertur
1039 2123 1130 2155 haec
1156 2123 1340 2166 quaesti0,
1376 2122 1500 2164 quales
1532 2120 1601 2154 sint
1625 2124 1660 2154 et

298 2181 479 2223 quomodo
504 2182 724 2223 compositae
747 2193 910 2215 summae
937 2183 1135 2217 carminum
1152 2183 1348 2218 sententiae
1372 2183 1407 2216 in
1431 2183 1501 2215 hoc
1525 2194 1659 2226 genere

296 2241 449 2285 poesios.
498 2242 551 2274 De
576 2253 646 2284 qua
669 2254 707 2275 re
738 2242 809 2275 iam
835 2244 1034 2277 videamus.
1081 2245 1171 2278 Sunt
1195 2245 1288 2277 hacc
1313 2243 1474 2277 carmina
1497 2243 1659 2277 victoriis

296 2302 431 2346 scripta
450 2314 468 2336 e
486 2303 653 2336 ludorum
671 2305 926 2338 certaminibus
943 2305 1154 2349 reportatis3
1182 2304 1354 2338 victoriae
1370 2304 1480 2349 igitur
1496 2305 1657 2338 ludicrae

297 2364 376 2396 laus
411 2363 527 2396 inesse
562 2364 685 2405 debet,
713 2376 781 2397 non
806 2366 886 2398 dico
910 2365 945 2398 in
971 2365 1130 2399 carmine
1155 2377 1386 2408 unoquoque,
1413 2366 1507 2409 quod
1533 2378 1596 2409 per
1618 2378 1656 2400 se

297 2426 406 2467 patet,
429 2424 492 2457 scd
517 2424 551 2457 in
576 2424 654 2468 ipsa
677 2436 819 2459 summa
843 2426 1012 2469 cuiusque
1036 2427 1221 2468 sententia,
1242 2426 1354 2460 veluti
1376 2427 1410 2459 in
1429 2427 1581 2470 Hymni-s
1599 2427 1656 2461 dei

296 2485 377 2518 laus
399 2483 670 2519 fundamentum
695 2491 748 2521 est
771 2492 832 2520 aut
855 2488 889 2521 in
910 2488 1066 2521 Threnis
1090 2488 1237 2531 querela
1263 2488 1307 2522 de
1323 2492 1477 2530 mortuo,
1500 2500 1564 2521 nec
1588 2487 1657 2522 dici

297 2548 418 2589 posset
440 2545 643 2589 Epinicium
668 2560 831 2590 carmen,
864 2559 886 2582 a
910 2549 1009 2582 euius
1044 2549 1277 2583 fundamento
1301 2549 1474 2584 victoriae
1498 2550 1657 2584 ludicrae

295 2605 374 2640 laus
398 2606 550 2641 abesset.
583 2608 722 2642 Tamen
747 2621 836 2653 opus
858 2621 926 2643 non
946 2615 1035 2654 erat,
1059 2614 1097 2645 ut
1120 2615 1232 2645 totum
1252 2623 1396 2646 carmen
1419 2623 1463 2646 ea
1489 2624 1528 2646 re
1547 2622 1656 2646 occu-
