1794 2982
306 122 390 161 2⁰2
704 117 1199 160 NEMEONIKAI
1233 115 1280 165 ς’.

341 232 405 277 65
443 226 622 289 ἅγγελος
655 227 769 286 ἔβαν,

329 304 412 347 (60)
437 296 632 355 πέμπτον
665 292 703 355 γ’
738 293 806 339 ἐπὶ
840 295 979 340 εἴκοσι
1010 296 1146 339 τοῦτο
1180 290 1360 354 γαρύων
1611 304 1673 336 100

439 465 571 533 εὖχος
606 471 785 534 ἀγώνων
818 470 931 528 ἄπο,
966 470 1076 529 τούς
1110 471 1325 519 ἐνέποισιν
1361 470 1526 532 ἱερούς,

439 539 660 600 Ἀλκιμίδα
691 538 718 587 ὅ
751 538 788 602 γ’
824 538 1059 598 ἐπάρκεσεν

439 606 588 654 marc}
624 606 768 669 γενεά·
806 606 891 654 δύο
926 608 1003 667 μὲν
1031 606 1233 665 Κρονίου
1266 603 1357 665 πὰρ
1390 606 1566 666 τεμένει,
1605 616 1668 649 105

341 676 406 720 70
442 681 543 732 παῖ,
577 676 627 722 σε’
662 674 697 721 τ’
732 674 940 735 εἰιόσᾳισε
973 676 1045 720 καὶ
1085 674 1426 732 Πουλυτιμίδαν

333 737 397 782 (⁶5
440 747 605 804 κλᾶρος
639 741 859 806 προπετὴς
894 739 1016 788 ἄνθε’
1048 739 1359 802 Ὀλυμπιάδος.

442 812 617 872 δελφῖνί
648 828 723 856 κεν

438 877 570 939 τάχος
605 876 662 924 δι’
697 874 837 937 ἅλμας

441 947 539 992 ἴσον
572 947 735 1005 εἴποιμι
770 945 1014 1008 ΠΙελησιάν,
1608 953 1670 985 llo

342 1017 405 1061 75
441 1017 598 1074 χειροῖν
630 1032 673 1059 τε
708 1013 783 1058 καὶ
817 1011 974 1073 ἰσχύος
1009 1009 1200 1072 ἁνίοχον.
1526 1027 1529 1029 ’

353 1157 386 1177 ν.
411 1145 465 1178 66.
492 1142 661 1187 πέμπτον
685 1142 741 1177 ἐπ’
763 1163 807 1170 -
841 1156 871 1175 v.
899 1144 951 1176 68.
976 1140 1105 1185 Ἀλκιμ-
1102 1143 1180 1182 ’δας
1202 1139 1244 1175 τό
1270 1140 1301 1185 γ’
1334 1162 1373 1167 -
1408 1154 1440 1174 v.
1467 1143 1522 1176 69.
1549 1142 1672 1189 κλειτᾷ

307 1191 431 1236 γενεᾷ·
458 1209 499 1215 -——
525 1202 557 1221 v.
589 1191 641 1223 70
667 1192 753 1230 παῖ,
779 1188 818 1223 σέ
841 1186 870 1223 τ’
899 1187 1069 1232 ἐνόσφισε
1097 1189 1255 1233 Τιμίδαν
1277 1207 1323 1213 —-
1347 1200 1379 1221 v.
1405 1189 1461 1223 75.
1486 1188 1603 1234 χερῶν

396 1297 430 1318 v.
457 1284 512 1318 65.
561 1284 782 1328 [Boeckhius
813 1285 884 1329 βᾶν
913 1283 1107 1327 scripserat
1141 1283 1186 1316 ob
1210 1286 1377 1316 metrum.
1432 1283 1671 1316 Redeundum

305 1330 380 1364 iam
403 1330 472 1363 fuit
494 1331 542 1363 ad
564 1331 677 1363 fidem
699 1330 885 1363 librorum.
933 1330 1045 1361 iersu
1068 1341 1140 1372 seq.
1165 1340 1230 1373 pro
1252 1331 1402 1374 vulgato
1426 1328 1594 1371 πέμπτον
1615 1325 1671 1361 ἐπ’

306 1377 443 1415 εἴκοσι,
475 1387 540 1419 pro
567 1387 637 1419 quo
662 1375 797 1419 aliquot
829 1374 912 1409 libri
938 1374 1104 1416 πέμπτον
1129 1374 1188 1408 ἐπὶ
1211 1375 1349 1415 εἴκοσι,
1384 1373 1481 1407 idem
1497 1373 1672 1428 πέμπτον

305 1419 338 1465 γ’
370 1420 430 1455 ἐπὶ
459 1423 576 1455 εἴκοσι
609 1421 739 1462 edidit3
780 1422 919 1454 Ahrens
959 1421 1099 1454 mavult
1129 1420 1297 1464 πέμπτον
1335 1433 1408 1454 τοι
1442 1432 1495 1453 επ
1541 1419 1668 1454 &Quom

396 1466 431 1545 v].
456 1511 501 1545 68
532 1524 605 1555 seq.
652 1513 768 1556 Vulgo
803 1508 1006 1554 Ἀλκιμίδας
1039 1508 1081 1545 τό
1122 1508 1154 1554 γ’
1187 1508 1363 1565 ἐπάρκεσε
1396 1510 1521 1565 κλειτᾷ
1552 1509 1670 1563 γένεᾷ.

305 1557 516 1592 Schmidius
547 1562 581 1590 et
605 1558 832 1590 Hermannus
855 1562 1001 1600 propter
1025 1560 1179 1590 metrum
1210 1554 1391 1600 Ἀλκιμίδα
1416 1554 1436 1591 ὅ
1461 1553 1493 1598 γ’
1517 1554 1671 1597 ἐπάρκε-

306 1614 380 1645 σεν,
407 1603 501 1646 quod
525 1602 702 1646 recipiens
726 1602 931 1635 Boeckhius
955 1602 1108 1635 correxit
1132 1601 1254 1636 κλειτὰ
1279 1601 1385 1644 γενεά
1411 1602 1509 1645 [cum
1525 1601 1671 1634 Schmi-

306 1648 379 1682 dio.
428 1648 549 1690 SCH.]

397 1706 433 1727 v.
457 1693 512 1725 70.
559 1693 697 1738 Vulgo:
732 1694 819 1734 παῖ,
847 1690 886 1726 σε’
908 1691 940 1726 τ’
965 1690 1135 1729 ἐνόσφισε
1164 1693 1332 1731 Τιμίδαν.
1391 1691 1430 1724 In
1456 1692 1558 1725 libris
1583 1702 1670 1724 vero

305 1743 343 1773 et
373 1739 470 1783 apud
494 1739 616 1772 Schol
651 1743 703 1771 est
730 1739 996 1780 Πολυτιμίδαν.
1052 1738 1152 1770 Unde
1186 1737 1392 1771 Boeckhius
1426 1737 1577 1770 coniecit
1608 1737 1672 1771 καὶ

307 1785 600 1826 Πουλυτιμίδαν.
654 1783 775 1816 Possis
808 1783 916 1817 etiam
946 1782 1010 1826 ηδε
1037 1785 1310 1825 Πολυτιμίδαν,
1344 1784 1437 1826 quod
1460 1784 1670 1816 Hermanno

307 1841 449 1887 q}¹⁰‚q¹¹e
481 1830 572 1862 inter
597 1829 669 1862 alla
700 1829 735 1862 in
760 1834 916 1862 mentem
942 1829 1048 1862 venit.
1104 1829 1205 1862 Nunc
1229 1830 1306 1872 ipse
1332 1830 1481 1872 probat:
1518 1831 1606 1868 παῖ,
1633 1826 1672 1862 σέ

306 1875 338 1909 τ’
362 1874 534 1919 ἐνόσφισέ
557 1873 587 1908 τ’
612 1873 700 1908 ου’δε
728 1876 998 1917 Πολυτιμίδαν
1024 1886 1068 1907 ne
1090 1874 1174 1918 quid
1198 1875 1242 1907 de
1267 1875 1408 1907 amissis
1433 1874 1592 1908 victoriis
1616 1874 1671 1908 di-

308 1924 422 1956 catur.
467 1921 541 1956 Sed
564 1921 636 1954 hoc
659 1919 858 1954 refutatum
881 1920 962 1954 vide
985 1919 1022 1954 in
1047 1920 1224 1954 Boeckhii
1246 1920 1413 1954 editione.
