1751 2986
105 213 400 254 absterruisset.
455 211 606 252 Eadem
634 225 701 251 res
730 212 768 251 in
798 225 938 252 caussa
966 216 1050 260 est,
1092 227 1164 253 cur
1193 213 1468 255 Theodori

106 283 327 335 Bergkii
355 283 617 330 coniecturas,
646 283 726 320 cari
754 282 885 329 amici,
915 296 1078 333 quarum
1106 284 1322 323 laetissima
1351 297 1467 335 seges

105 354 183 405 ipsi
211 359 356 404 sponte
384 352 626 399 succrescit,
657 352 875 403 spreverim
906 353 1137 403 permultas.
1193 352 1348 392 Vellem
1378 354 1469 393 feli·

105 423 289 461 cissimus
319 423 521 461 coniector
550 421 727 460 severior
754 421 793 459 in
823 422 1084 473 semetipsum
1114 426 1234 462 esset.
1280 423 1401 462 Certe
1429 424 1469 464 in

106 492 354 531 emendando
401 492 572 530 Pindaro
618 503 695 529 non
731 491 778 529 iis
817 491 972 530 videtur
1010 492 1236 544 corrigendi
1272 493 1467 543 pruritum

104 561 284 600 terminis
314 561 564 608 cohibuisse,
601 573 700 611 quos
739 560 802 598 vel
841 560 930 599 Tua
958 562 1166 612 prudentia
1194 562 1255 600 vel
1286 563 1467 601 condicio

105 631 325 670 carminum
353 630 451 668 fixit.
489 630 597 669 ldem
627 631 666 668 in
696 630 906 680 scripturis
936 631 1118 669 codicum
1138 631 1351 671 afferendis
1372 645 1469 685 neg—

104 700 292 752 ligentius
330 701 414 752 egit
451 711 568 750 quam
608 712 679 750 par
708 698 850 739 suerat.
907 699 986 738 Sed
1015 700 1247 739 felicissime
1275 703 1469 753 quaedam

104 769 275 818 invenit,
307 782 408 820 quae
435 775 481 808 ut
509 769 706 820 potuerim
737 773 827 807 ante
855 769 1016 820 publice
1045 769 1172 808 editos
1202 776 1343 822 poetas
1372 771 1469 822 lyri-

105 851 175 878 cos
203 839 243 878 in
271 851 520 877 communem
550 851 666 876 usum
693 842 940 886 convertere,
970 838 1121 877 factum
1145 845 1206 878 est
1229 841 1469 892 benignitate

105 908 246 956 amici,
283 907 351 958 qui
385 907 540 958 singula
578 906 672 946 solia
710 907 772 946 sui
809 907 1046 959 exemplaris
1085 908 1135 946 ad
1176 914 1336 959 tempus
1370 909 1471 947 mihi

105 977 321 1017 transmisit
349 976 551 1016 Cassellis.
608 976 737 1015 Simili
765 976 961 1015 beneficio
989 976 1380 1029 dialectologus
1411 978 1470 1017 ll-

106 1046 387 1086 feldensis
416 1059 531 1086 meus
559 1060 624 1086 me
653 1046 842 1094 devinxit,
872 1046 938 1097 qui
968 1046 1141 1097 singulas
1170 1046 1352 1098 plagulas
1380 1047 1471 1086 libri

106 1115 158 1155 de
203 1115 383 1155 Dialecto
422 1115 566 1154 Dorica
607 1129 763 1154 mecum
805 1116 1088 1165 communicari
1124 1116 1313 1162 iusserit,
1366 1117 1472 1156 unde

106 1190 253 1236 quanta
289 1185 329 1224 in
366 1185 686 1224 constituendam
725 1185 942 1224 dialectum
984 1185 1146 1223 Pindari
1187 1186 1472 1225 redundaverit

105 1255 254 1293 utilitas
284 1255 446 1306 quaevis
468 1267 594 1306 paene
621 1255 768 1308 pagina
795 1254 981 1306 loquitur.
1023 1255 1112 1293 Alia
1135 1255 1241 1294 idem
1269 1256 1332 1294 vel
1352 1255 1471 1294 fami-

105 1323 268 1363 liaribus
306 1324 555 1363 sermonibus
593 1324 656 1362 vel
696 1337 769 1376 per
797 1324 1057 1375 epistolarum
1087 1325 1371 1364 commercium
1401 1325 1471 1364 ad-

105 1394 269 1432 monuit.
312 1393 497 1445 Singulas
521 1392 820 1431 emendationes
842 1393 939 1431 mihi
961 1393 1211 1432 tradiderunt
1230 1394 1321 1442 alii3
1340 1394 1471 1434 Wel·

107 1461 294 1500 ckerus
322 1466 454 1500 autem
485 1467 643 1508 noster,
683 1474 799 1510 quem
838 1475 887 1500 ex
917 1462 1140 1513 longinquis
1168 1463 1375 1502 itineribus
1405 1477 1471 1504 so-

107 1531 251 1582 spitem
287 1531 521 1580 salvumque
560 1530 718 1568 redisse
759 1531 809 1568 ad
847 1530 1030 1569 Rhenum
1060 1545 1178 1582 quam
1207 1534 1273 1582 qui
1301 1534 1473 1574 maxime

105 1600 252 1648 laetor,
284 1599 421 1651 copias
451 1599 690 1650 exemplaris
720 1599 891 1638 Dissenii
919 1613 1036 1639 manu
1064 1603 1238 1640 annotati
1266 1602 1371 1641 ultro
1399 1603 1472 1642 mi-

106 1671 172 1716 sit,
201 1682 250 1708 ex
278 1681 358 1720 quo
387 1682 459 1721 per
486 1669 564 1707 hoc
596 1669 781 1707 volumen
811 1682 935 1720 pauca
964 1671 1128 1722 repetii,
1174 1671 1213 1710 in
1243 1672 1370 1711 altero
1401 1673 1472 1711 da-

106 1743 219 1777 turus
247 1739 376 1790 plura.
432 1738 620 1777 Ceterum
650 1740 687 1776 in
709 1738 923 1777 afferendis
952 1740 1051 1778 meis
1081 1740 1206 1791 ipsius
1235 1742 1473 1781 coniecturis

106 1809 218 1846 tenui
245 1809 404 1847 modum
440 1821 514 1848 nec
543 1808 618 1847 nisi
647 1821 712 1846 eas
742 1809 780 1846 in
810 1809 988 1848 ordinem
1018 1810 1209 1848 orationis
1238 1809 1473 1849 Pindaricae

105 1879 243 1916 venire
271 1891 413 1929 passus
443 1891 552 1926 sum,
592 1891 693 1929 quae
728 1878 1043 1918 dubitationibus
1074 1880 1135 1918 vix
1163 1879 1252 1918 fore
1281 1879 1473 1919 obnoxiae

105 1947 344 1988 viderentur.

214 2015 355 2067 Neque
375 2018 531 2056 veroin
560 2017 781 2056 annotanda
810 2017 978 2069 periodo
1007 2030 1072 2055 me
1101 2018 1285 2065 continui,
1316 2018 1401 2066 sed,
1431 2018 1472 2057 id

106 2086 213 2136 quod
242 2085 449 2124 Dissenius
477 2086 611 2125 facere
640 2086 843 2133 noluerat,
888 2085 1123 2136 fragmentis
1165 2086 1285 2125 etiam
1315 2087 1471 2125 notabi-

106 2153 225 2192 liores
255 2155 475 2205 scripturae
492 2155 779 2205 discrepantias
803 2154 967 2201 subieci,
998 2155 1115 2192 simul
1145 2155 1211 2193 ubi
1239 2154 1301 2194 Te
1327 2156 1470 2195 ducem

107 2221 375 2261 deseruissem
412 2223 595 2264 indicavi.
663 2224 841 2273 Quorum
878 2225 1073 2275 quaedam
1102 2226 1207 2275 quod
1236 2238 1286 2264 ex
1315 2225 1470 2264 codici-

106 2291 183 2329 bus
212 2290 402 2330 Parisinis
438 2292 573 2343 paullo
614 2294 764 2332 certius
804 2294 915 2333 licuit
953 2295 1177 2346 corrigere,
1223 2295 1394 2334 debetur
1428 2295 1469 2334 id

106 2360 226 2399 Frid
239 2362 366 2399 erici
387 2361 599 2401 Duebne
613 2363 656 2401 ri
685 2364 874 2415 singulari
894 2364 932 2402 in
951 2377 1015 2402 me
1035 2364 1348 2405 benevolentiae.
1386 2364 1468 2404 Ex-

107 2441 248 2468 cursus
271 2429 444 2470 Dissenii
471 2432 627 2470 servavi
654 2432 829 2482 integros
858 2446 989 2485 neque
1020 2433 1078 2473 fas
1106 2435 1241 2486 putavi
1269 2436 1310 2474 in
1330 2434 1468 2486 dispu-

107 2498 293 2539 tationem
342 2501 456 2552 0peri
496 2501 757 2553 praemissam
798 2502 943 2542 falcem
980 2504 1208 2545 immittere.
1284 2503 1344 2542 De
1378 2516 1470 2542 meo

106 2572 267 2618 praeter
293 2569 467 2608 indicem
496 2570 720 2609 notularum
739 2570 873 2610 addidi
894 2573 1056 2612 brevem
1083 2574 1136 2614 de
1163 2574 1243 2614 vita
1270 2573 1471 2624 rebusque

107 2641 251 2686 poetae
279 2639 553 2681 narrationem.
612 2638 654 2679 ln
683 2653 757 2692 qua
787 2643 1076 2683 conscribenda
1103 2643 1326 2695 elegantem
1355 2642 1468 2683 libel-
