1751 2986
256 178 413 218 notulas
442 176 537 215 satis
557 179 783 214 constanter
809 175 1001 212 lectorem
1032 174 1177 221 docuit,
1208 173 1302 226 quid
1333 186 1382 212 ex
1409 173 1519 213 libris
1548 188 1613 214 es-

257 252 319 286 set
355 248 561 292 haustum,
600 245 692 294 quid
732 257 755 282 e
792 256 959 294 quorum
999 243 1204 282 hominum
1233 245 1443 282 doctorum
1473 245 1614 283 conie-

258 322 371 355 ctura
399 315 638 366 profectum.
715 313 979 362 Quamobrem
1010 313 1107 351 nihil
1136 326 1210 365 ego
1255 313 1451 362 antiquius
1479 313 1614 360 habui,

259 397 373 436 quam
414 389 457 422 ut
486 383 639 432 aequali
668 395 761 420 cura
791 386 1075 432 pertractarem
1105 395 1206 432 quae
1234 383 1282 420 ad
1313 382 1432 420 crisin
1461 381 1614 420 divino-

257 467 344 492 rum
375 453 588 491 carminum
618 451 877 502 pertinerent.
941 450 1117 489 Primum
1158 452 1262 489 enim
1290 450 1423 488 Tuum
1452 455 1614 489 secutus

259 522 481 572 exemplum
512 520 758 571 Ileynianam
789 520 969 557 lectionis
999 520 1291 566 diversitatem,
1334 519 1411 557 hoc
1439 524 1503 558 est
1529 520 1615 558 vul-

257 597 402 643 gatam,
431 591 469 628 in
497 589 674 639 margine
702 588 941 639 perscripsi3
973 588 1010 626 in
1040 589 1290 625 annotatione
1318 588 1458 626 critica
1484 589 1617 628 sontes

259 662 480 711 scripturae
501 658 674 697 breviter
709 657 890 705 indicavi,
927 661 970 695 ut
994 657 1101 695 nullo
1132 657 1288 707 negotio
1319 657 1494 708 perspici
1522 669 1617 707 pos-

258 734 342 776 set,
380 729 441 767 vel
478 732 666 778 quantum
705 731 864 778 praeter
892 731 1080 765 mutatam
1110 739 1130 764 a
1160 726 1220 764 Te
1248 738 1433 764 versuum
1462 725 1621 764 descri-

258 799 436 850 ptionem
461 800 645 849 promota
668 808 731 833 ars
755 808 804 833 ex
825 796 891 833 illa
908 799 1039 833 aetate
1062 780 1183 842 esset,
1198 795 1263 833 vel
1282 794 1460 845 singulae
1482 808 1618 834 emen-

258 867 438 905 dationes
477 865 588 903 cuius
630 865 880 915 potissimum
925 865 1092 902 acumini
1140 865 1394 905 deberentur.
1465 864 1620 904 Deinde

258 949 420 987 operam
449 934 554 980 dedi,
583 939 627 972 ut
655 938 695 972 et
722 934 1061 972 memorabiliores
1090 935 1310 985 scripturas
1338 934 1523 972 codicum
1552 947 1620 972 ac-

259 1008 396 1043 curate
416 1008 647 1041 annotarem
672 1005 713 1040 et
733 1002 974 1041 scholiorum
990 1003 1216 1041 testimonia
1236 1003 1465 1054 gravissima
1486 1003 1619 1055 paullo

258 1073 501 1112 constantius
529 1072 769 1122 colligerem,
799 1084 916 1122 quam
945 1072 1112 1110 antehac
1142 1071 1290 1111 sactum
1321 1077 1419 1122 erat,
1449 1072 1621 1122 denique

258 1143 368 1181 locos
400 1156 422 1180 a
450 1142 650 1180 veteribus
680 1141 944 1193 scriptoribus
968 1142 1108 1180 citatos
1130 1142 1340 1194 diligenter
1360 1143 1618 1193 respicerem.

259 1211 451 1250 Codicum
476 1210 647 1248 nondum
678 1211 973 1261 exploratorum
1002 1211 1191 1249 subsidiis
1220 1212 1350 1250 carui:
1381 1211 1619 1263 Gottingen-

259 1294 344 1319 sem
373 1281 518 1318 librum
547 1280 744 1318 interdum
773 1292 851 1318 non
879 1280 963 1317 sine
990 1280 1124 1318 fructu
1154 1280 1282 1318 denuo
1309 1281 1477 1332 inspexi.

365 1349 600 1396 Praeterea,
641 1348 681 1386 id
716 1349 824 1398 quod
863 1347 924 1386 Te
961 1361 1039 1386 non
1068 1348 1175 1387 nolle
1204 1350 1362 1395 scirem,
1391 1350 1430 1387 in
1459 1348 1620 1387 confor-

258 1419 412 1458 mandis
440 1418 570 1455 verbis
598 1422 744 1468 poetae
771 1430 904 1455 meum
933 1417 1122 1455 iudicium
1153 1423 1316 1456 secutus
1346 1418 1450 1456 haud
1479 1430 1570 1456 raro
1599 1431 1622 1456 a

258 1487 321 1526 Te
350 1487 529 1526 discessi.
585 1486 628 1524 In
659 1499 736 1537 quo
765 1498 839 1537 ego
865 1486 993 1524 libere
1021 1490 1199 1523 versatus
1229 1498 1330 1534 sum,
1351 1500 1373 1524 a
1393 1487 1554 1525 licentia
1583 1490 1623 1525 et

259 1558 482 1596 temeritate
511 1556 609 1595 cavi.
668 1555 843 1593 Maxime
867 1555 962 1592 illud
990 1555 1086 1592 mihi
1115 1555 1261 1593 vitasse
1290 1555 1441 1603 videor,
1470 1569 1520 1594 ne
1547 1568 1622 1607 pro

259 1627 423 1665 incertis
453 1638 687 1676 reponerem
717 1625 880 1666 incerta.
920 1624 1021 1662 Nam
1051 1624 1230 1674 quamvis
1261 1624 1325 1663 Tu
1354 1625 1623 1676 potissimum,

260 1697 308 1736 A.
340 1694 601 1740 Boecklii,
638 1698 729 1744 post
765 1695 989 1745 praeclaras
1030 1693 1148 1731 God.
1189 1693 1479 1733 Hermanni
1507 1706 1622 1733 curas

260 1766 310 1804 ad
349 1769 458 1803 certa
495 1768 711 1815 praecepta
748 1764 844 1802 artis
880 1764 1002 1801 verba
1030 1768 1175 1813 poetae
1202 1763 1406 1814 exegisses
1436 1763 1623 1803 emenda-

259 1835 457 1883 tionisque
485 1832 680 1883 quandam
709 1845 886 1871 normam
916 1833 1260 1883 praescripsisses,
1283 1838 1416 1870 tamen
1444 1833 1623 1872 iniuriam

260 1904 438 1942 facturus
469 1915 574 1940 eram
606 1908 646 1940 et
674 1901 765 1940 Tibi
795 1907 834 1940 et
863 1902 1032 1940 eruditis
1050 1935 1061 1951 ,
1091 1902 1156 1951 qui
1187 1907 1278 1955 post
1305 1902 1366 1940 Te
1394 1903 1525 1941 studia
1554 1915 1625 1942 sua

259 1972 308 2010 ad
338 1972 554 2010 Pindarum
584 1971 849 2017 contulerunt,
879 1972 912 2008 si
941 1971 1088 2022 paratis
1118 1972 1166 2009 ab
1188 1971 1266 2008 illis
1286 1970 1366 2009 frui
1392 1971 1622 2012 noluissem.

259 2042 382 2092 Igitur
411 2040 707 2089 Hermanni,
739 2041 1012 2087 Ahrentis‚
1041 2041 1272 2089 Bergkii,
1303 2040 1466 2078 aliorum
1497 2041 1623 2092 copiis

260 2112 317 2148 ita
345 2122 440 2147 usus
469 2122 580 2155 sum,
621 2115 667 2148 ut
707 2110 756 2148 de
784 2123 949 2159 quarum
978 2111 1146 2148 veritate
1176 2109 1497 2149 emendationum
1526 2111 1625 2149 mihi

260 2191 492 2232 persuasum
523 2183 647 2222 esset,
677 2191 744 2217 eas
770 2178 878 2216 haud
907 2184 1139 2218 cunctanter
1161 2178 1331 2218 Pindaro
1359 2180 1623 2230 impertirem,

260 2249 432 2299 reliquas
470 2248 508 2286 in
547 2248 838 2286 annotationem
878 2249 1078 2287 coniectas
1118 2249 1289 2287 examini
1322 2248 1531 2286 doctorum
1560 2261 1623 2287 re-

261 2319 478 2358 mitterem.
545 2317 601 2355 Ita
642 2317 792 2356 sactum
833 2322 918 2365 est,
958 2321 1001 2356 ut
1040 2329 1157 2366 quem
1197 2316 1322 2355 offero
1351 2320 1502 2354 textum
1532 2330 1623 2356 cum

261 2386 361 2425 Tuis
401 2386 692 2438 exemplaribus
730 2386 974 2436 aliquantum
1014 2385 1229 2435 discrepet.
1293 2384 1469 2424 Maxime
1499 2385 1621 2427 God.

262 2456 302 2495 Η
318 2456 544 2495 ermanni
579 2455 819 2493 acutissimis
848 2454 1202 2493 Emendationibus
1231 2453 1451 2493 Pindaricis
1480 2456 1624 2495 eximie

264 2526 422 2565 adiutus
451 2538 556 2573 sum,
585 2525 689 2563 unde
717 2525 835 2563 etiam
865 2524 982 2574 plura
1009 2524 1049 2562 in
1077 2524 1284 2562 verborum
1308 2529 1535 2564 contextum
1565 2526 1624 2564 in-

266 2594 469 2642 tulissem,
497 2594 572 2634 nisi
599 2606 664 2633 me
689 2594 738 2633 ab
767 2593 937 2633 novandi
964 2593 1128 2633 audacia
1155 2593 1293 2632 iudicii
1321 2593 1400 2633 Tui
1428 2595 1624 2634 sobrietas
