1751 2986
308 124 403 153 xvnl

311 227 420 260 quum
455 217 576 249 autem
605 212 759 257 Agesias
788 210 926 244 invidia
956 210 1162 253 laboraret,
1198 221 1289 243 nunc
1322 209 1373 243 ita
1405 210 1536 242 tractat
1568 206 1669 240 illam

312 277 477 318 laudem,
509 279 549 309 ut
572 273 815 308 defensionem
840 271 1059 313 immisceat,
1092 272 1200 305 rebus
1233 270 1345 316 gestis
1369 267 1515 314 probari
1538 267 1672 307 dicens,

315 340 442 382 quales
467 337 591 377 simus,
616 334 744 368 deinde
767 331 844 366 Iovi
870 333 1120 376 Mercurioque
1141 344 1163 366 a
1181 332 1378 366 maioribus
1396 331 1502 371 culto,
1526 340 1594 362 non
1611 338 1673 362 ca-

318 399 373 433 sui
398 399 524 433 aliisve
547 397 655 429 rebus
682 396 726 428 ab
752 393 906 427 inimicis
929 394 1022 428 forte
1047 393 1208 435 iactatis,
1243 392 1367 426 deberi
1390 402 1536 425 monens
1559 390 1674 424 victo-

318 460 422 494 riam.
469 458 609 492 Ibidem
633 456 668 489 in
692 457 765 489 fine
789 455 987 500 Syracusas
1011 455 1275 500 Ortygiamque
1306 455 1455 488 laudare
1480 452 1606 492 dehet,
1636 453 1676 483 ut

322 520 534 565 promiserat
557 516 814 561 in‘prooemim
839 516 943 560 idque
967 516 1055 550 facit
1080 529 1143 560 per
1166 516 1333 550 Hieronis
1356 515 1523 554 laudem3
1546 513 1676 546 iterum

320 593 407 616 vero
433 580 606 613 invidiam
629 578 826 622 respiciens
851 582 886 610 et
908 577 1114 611 inimicitias
1136 577 1304 622 Agesiae‚
1328 576 1436 610 simul
1459 579 1595 610 metum
1618 573 1677 606 fu-

318 648 481 676 turorum
504 639 657 673 ostendit
690 641 734 673 de
758 640 911 672 duarum
935 650 1148 673 ancorarum
1171 639 1325 672 utilitate
1349 640 1507 681 loquens.
1541 655 1582 661 —
1619 635 1678 669 Ol.

321 704 414 745 vlu,
430 701 486 736 54.
514 701 705 735 Melesiam
730 701 947 745 magistrum
971 701 1121 734 laudare
1145 701 1242 741 vult,
1268 703 1307 732 ut
1328 699 1458 738 moris3
1481 697 1546 730 sed
1571 707 1680 740 quum

323 766 435 799 etiam
458 763 520 796 hic
545 763 680 796 invidia
703 763 907 804 laboraret,
939 763 985 796 ad
1017 759 1262 795 defensionem
1286 764 1435 794 revocat
1457 759 1614 793 laudem.
1637 774 1681 781 -·

323 827 432 871 Pyth.
458 826 486 867 I,
509 824 566 857 29.
599 823 768 858 Hieronis
794 823 942 857 Aetnaei
974 822 1164 856 victoriam
1195 822 1357 854 curulem
1389 822 1539 855 laudare
1564 819 1683 860 debet,

324 889 419 932 quod
444 888 493 920 ita
518 886 626 926 facit,
659 890 698 919 ut
731 885 837 919 simul
859 888 995 918 Aetnae
1027 884 1108 917 urbi
1131 885 1283 917 salutem
1309 886 1344 915 et
1366 882 1495 915 florem
1519 882 1685 924 precetur

325 960 348 983 a
381 949 460 982 diis.
508 948 643 981 Deinde
676 959 711 980 v.
734 945 791 979 46.
823 946 972 980 bellicas
998 944 1168 979 Hieronis
1202 956 1258 977 res
1282 944 1545 982 celebraturus,
1576 951 1685 984 quum

327 1013 536 1055 aegrotaret
559 1020 642 1048 rex,
673 1007 726 1041 ita
750 1009 843 1041 haec
867 1011 1013 1049 tractat,
1039 1011 1077 1041 ut
1101 1006 1277 1040 exhilaret
1312 1016 1394 1038 eum
1417 1015 1538 1037 rerum
1562 1006 1685 1047 gesta-

327 1082 409 1104 rum
428 1069 770 1103 commemoratione
791 1073 826 1102 et
838 1068 1055 1103 constantiae
1078 1069 1281 1101 admoneat.
1307 1067 1469 1108 Denique
1486 1077 1520 1098 v.
1529 1054 1574 1098 63»
1584 1075 1682 1107 seqq.

329 1133 373 1166 de
398 1131 539 1164 condita
563 1141 687 1164 reeens
709 1130 869 1162 Aetnaea
895 1130 1038 1163 civitate
1064 1141 1173 1173 quum
1192 1128 1311 1161 dicere
1330 1129 1472 1169 debeat,
1496 1127 1603 1160 simul
1620 1125 1688 1160 filii

327 1192 538 1227 Dinomenis
561 1192 706 1225 laudem
730 1190 926 1232 immiscet,
959 1191 1021 1235 qui
1045 1195 1120 1224 tum
1141 1190 1293 1234 regebat
1316 1190 1455 1222 urbem.
1502 1188 1583 1222 Non
1606 1198 1689 1230 per-

328 1255 489 1298 spexeris
510 1252 760 1287 tractationem
785 1253 893 1285 huius
918 1252 1105 1294 carminis,
1129 1251 1161 1283 si
1184 1251 1229 1283 ad
1253 1251 1324 1283 hoc
1347 1250 1580 1284 Pindaricum
1603 1249 1691 1283 arti-

328 1316 455 1349 ficium
479 1326 547 1348 non
572 1314 777 1348 attenderis.
811 1333 853 1338 —
888 1314 995 1358 Pyth.
1013 1313 1076 1346 IX.
1101 1312 1195 1346 v.76
1212 1323 1310 1354 seqq.
1335 1312 1477 1353 laudat,
1511 1314 1549 1344 ut
1573 1310 1690 1353 debet,

330 1377 501 1411 victorias
524 1375 778 1415 Telesicratis3
812 1386 924 1417 quum
949 1379 1069 1408 autem
1087 1373 1169 1415 hic,
1193 1377 1232 1406 ut
1256 1373 1291 1405 in
1317 1371 1582 1406 Commentario
1606 1381 1692 1414 pro-

329 1439 419 1471 bare
443 1437 575 1477 studui,
601 1436 802 1469 admisisset
826 1437 964 1470 Thebis
988 1437 1082 1479 quod
1099 1445 1322 1479 magnopere
1341 1434 1560 1477 displiceret,
1585 1432 1693 1465 simul

332 1499 424 1532 iram
449 1498 741 1531 adversariomm
764 1498 891 1531 sedare
916 1502 1023 1541 poeta
1053 1497 1190 1536 studet3
1225 1506 1333 1538 quare
1366 1495 1418 1528 ita
1452 1506 1528 1528 rem
1552 1496 1694 1535 tractat,

333 1564 373 1594 ut
405 1560 451 1593 ad
475 1559 659 1602 publicam
685 1559 896 1592 Thebarum
928 1559 1075 1592 laudem
1105 1556 1278 1594 victorias
1301 1555 1372 1589 viri
1395 1555 1430 1588 in
1456 1555 1613 1588 Graecia
1636 1565 1694 1587 re-

334 1624 495 1665 portatas
519 1623 666 1653 revocet
689 1624 724 1652 et
747 1619 781 1653 in
806 1620 913 1652 rebus
937 1619 983 1652 ad
1006 1619 1106 1652 urbis
1129 1618 1276 1652 laudem
1300 1617 1411 1662 gestis
1430 1617 1590 1661 privatas
1607 1627 1694 1660 que-

335 1684 429 1716 relas
453 1683 498 1715 ab
522 1681 738 1715 adversariis
763 1680 936 1714 coercitas
959 1681 1057 1714 velit.
1089 1700 1133 1704 —
1165 1679 1269 1713 Nem.
1292 1680 1351 1721 lv,
1378 1679 1423 1712 13
1438 1690 1535 1722 seqq.
1561 1678 1608 1711 ad
1631 1676 1696 1712 Ti-

334 1744 516 1778 masarchi
541 1743 645 1786 pueri
669 1741 838 1775 victorias
862 1742 1013 1783 accedit,
1039 1743 1113 1785 sed,
1139 1753 1249 1785 quum
1275 1741 1385 1775 etiam
1405 1740 1516 1784 patris
1538 1738 1697 1773 defuncti

334 1804 569 1845 memoriam,
601 1808 640 1837 ut
669 1804 799 1845 moris,
831 1805 990 1836 recolere
1024 1805 1154 1845 vellet,
1187 1804 1345 1837 suaviter
1367 1807 1558 1845 utrumque
1582 1800 1699 1845 iungit

337 1866 407 1907 ita,
430 1869 469 1899 ut
492 1869 655 1908 patrem,
682 1865 742 1907 qui
762 1865 944 1898 citharam
969 1869 1210 1904 tractaverat,
1236 1877 1326 1899 nunc
1349 1865 1380 1898 si
1405 1864 1562 1904 viveret,
1587 1873 1697 1906 saepe

337 1931 564 1960 cantaturum
587 1925 699 1959 fuisse
723 1927 818 1959 dicat
841 1927 936 1958 hunc
951 1927 1126 1970 hymnum
1142 1927 1302 1959 victoriis
1318 1926 1385 1960 filii
1400 1926 1586 1968 scriptum,
1609 1935 1698 1968 quas

337 1989 419 2022 inde
444 1991 642 2021 enumerat.
658 2006 702 2012 —
726 1987 828 2020 Nem.
849 1987 923 2027 Vll,
940 1985 986 2019 54
1006 1999 1102 2031 seqq.
1126 1988 1342 2021 Theai-ionis
1367 1987 1548 2020 fortunam
1561 1986 1698 2027 laudat,

338 2060 432 2092 quae
456 2060 512 2081 res
539 2059 646 2091 quam
661 2048 736 2081 vim
755 2049 891 2081 habeat
906 2048 941 2081 in
959 2048 1112 2093 Sogenis
1130 2049 1286 2090 laudem,
1305 2059 1415 2092 supra
1425 2049 1567 2088 monui3
1592 2058 1700 2091 quum

340 2109 463 2144 autem
486 2110 647 2144 Theario
673 2110 783 2143 etiam
808 2111 1064 2143 obtrectatores
1089 2110 1242 2142 haberet
1260 2114 1294 2143 et
1313 2114 1457 2153 poetam
1475 2110 1592 2154 ipsum
1611 2119 1699 2153 quo—

340 2183 408 2214 que
432 2172 528 2204 male
553 2171 740 2204 crederent
763 2171 907 2213 quidem
931 2172 975 2205 de
997 2170 1224 2213 Neoptolemi
1249 2172 1357 2205 laude
1381 2171 1590 2212 detraxisse,
1615 2178 1700 2204 con-

340 2233 468 2266 iunctis
492 2232 667 2265 Pindarus
691 2231 749 2264 his
772 2232 880 2265 rebus
904 2232 936 2265 in
962 2232 1069 2266 laude
1088 2232 1303 2266 Thearionis
1328 2232 1436 2266 simul
1461 2233 1504 2265 de
1522 2232 1701 2266 obtrecta-

341 2293 437 2327 tione
471 2298 507 2326 et
538 2293 676 2326 invidia
708 2293 821 2327 verba
850 2293 941 2328 facit
973 2305 1127 2337 suosque
1160 2294 1272 2338 ipsius
1304 2305 1424 2328 mores
1457 2293 1627 2328 defendit.
1659 2312 1701 2319 -

339 2355 466 2388 Isthm.
490 2354 518 2394 I,
541 2351 587 2385 40
603 2365 699 2397 seqq.
725 2356 771 2388 ad
794 2356 970 2390 Herodoti
993 2356 1137 2390 laudem
1160 2356 1419 2389 absolvendam
1443 2355 1603 2397 accedit,
1640 2355 1702 2398 qui

343 2426 452 2459 quum
464 2415 743 2458 reprehensores
761 2418 911 2451 haberet
931 2421 1123 2451 conatuum
1139 2428 1296 2458 suorum,
1312 2416 1419 2450 simul
1437 2417 1504 2450 hos
1522 2417 1702 2460 carpit.—

342 2477 466 2510 Isthm.
484 2477 557 2510 vn.
582 2476 682 2511 initio
707 2477 951 2519 victoriarum,
977 2490 1065 2522 quas
1090 2479 1266 2512 Cleander
1288 2478 1538 2521 reportaverit,
1556 2478 1703 2512 laudem

342 2539 500 2578 nuntiat3
525 2539 587 2572 sed
612 2551 693 2572 cum
716 2540 821 2574 laetis
844 2541 1006 2574 sensibus
1031 2539 1140 2574 etiam
1165 2550 1368 2573 moerorem
1394 2540 1511 2582 prodit
1529 2550 1572 2572 ex
1591 2543 1704 2572 terro-

343 2600 443 2634 ribus
467 2599 554 2634 belli
574 2601 708 2634 Persici
734 2613 849 2645 nuper
873 2602 1011 2646 depulsi
1035 2614 1102 2635 non
1126 2603 1258 2644 levem,
1283 2601 1366 2645 quia
1390 2612 1458 2634 non
1481 2601 1599 2633 solum
1624 2601 1705 2634 lau-

346 2662 432 2697 dare
457 2663 540 2698 vult
556 2661 750 2707 Aeginetas
775 2661 810 2695 in
834 2662 897 2696 illo
922 2664 1092 2707 carmine,
1117 2664 1180 2698 sed
1199 2663 1308 2697 etiam
1329 2674 1560 2697 commovere
1579 2671 1705 2696 eornm
