1751 2986
178 787 672 865 'AUGUSTO
729 805 1239 864 Bossclffllo
1295 806 1362 865 s.

455 963 512 1009 F.
549 963 608 1009 G.
646 964 1113 1011 SCHNEIDEWIN.

99 1207 317 1280 Vixdum
338 1241 526 1282 Martiale
550 1243 602 1282 de
622 1243 805 1282 manibus
834 1242 1018 1293 deposito
1045 1240 1262 1292 paullulum
1291 1253 1357 1279 me
1385 1240 1467 1279 col·

100 1309 223 1360 ligere
250 1311 477 1363 inceperam
507 1317 548 1350 et
576 1314 624 1351 ab
653 1312 837 1362 improbo
867 1311 1003 1350 labore
1031 1311 1307 1362 requiescere,
1345 1322 1467 1360 quum

101 1379 233 1418 subito
263 1380 311 1418 ab
342 1382 448 1420 omni
476 1381 551 1419 alia
580 1381 819 1431 cogitatione
848 1384 1032 1418 avocatus
1062 1393 1148 1418 sum
1179 1385 1218 1418 et
1246 1380 1296 1418 ad
1320 1380 1467 1418 Pinda-

97 1461 187 1487 rum
216 1449 450 1495 traductus,
481 1449 553 1488 ἀπ’
584 1451 691 1489 ὄνου
721 1446 787 1498 ἐφ’
819 1447 974 1496 ἵππον,
1011 1454 1056 1487 ut
1084 1454 1146 1487 est
1174 1450 1211 1487 in
1242 1448 1466 1500 proverbio.

97 1517 260 1556 Etenim
288 1517 498 1557 clarissimi
527 1519 703 1557 editores
743 1519 1015 1556 Bibliothecae
1044 1517 1226 1556 Graecae
1253 1531 1274 1556 a
1302 1531 1367 1556 me
1397 1531 1467 1569 pe-

98 1587 259 1632 tierunt,
287 1591 332 1626 ut
358 1585 617 1625 Dissenianae
647 1588 830 1626 editionis
861 1587 1141 1626 instaurandae
1171 1600 1307 1626 curam
1338 1589 1466 1627 susci-

96 1667 249 1707 perem.
315 1654 404 1708 Ego
433 1669 529 1695 vero
567 1670 646 1709 quo
689 1659 818 1696 minus
856 1657 1100 1696 honorificae
1130 1659 1370 1709 optimorum
1408 1659 1467 1696 vi-

97 1737 233 1764 rorum
277 1725 469 1765 voluntati
517 1727 777 1775 adversarer,
822 1740 964 1777 graves
1007 1740 1172 1766 caussae
1211 1728 1466 1766 obstiterunt.

97 1793 199 1833 Nam
239 1799 282 1834 et
316 1795 565 1835 ab'ineunte
601 1801 733 1835 aetate
771 1801 930 1847 poetam
969 1795 1206 1835 Thebanum
1246 1797 1466 1836 admiratus

97 1864 272 1903 studium
303 1865 536 1912 carminum,
565 1878 644 1915 quo
676 1867 838 1917 quidem
864 1866 913 1904 ad
943 1866 1119 1917 reliquos
1149 1872 1287 1918 poetas
1318 1867 1466 1918 lyricos

96 1934 408 1986 perscrutandos
437 1936 660 1992 concitatus
690 1949 836 1983 essem,
865 1948 1064 1985 nunquam
1094 1936 1211 1987 plane
1240 1937 1466 1976 intermise-

96 2017 182 2044 ram
220 2008 263 2043 et
300 2003 492 2055 pietatem
530 2004 780 2044 Dissenio
825 2009 963 2042 nostro
993 2005 1170 2042 debitam
1197 2005 1377 2043 laesurus
1406 2006 1466 2043 vi-

97 2073 245 2121 debat,
282 2074 317 2112 si
344 2074 450 2112 hunc
479 2074 626 2113 librum
654 2075 778 2113 cuivis
809 2074 942 2124 potius
972 2073 1038 2111 alii
1066 2073 1341 2124 retingendum
1371 2074 1466 2113 reli-

97 2143 291 2194 quissem.
359 2144 539 2193 Accepta
576 2144 699 2193 igitur
736 2143 968 2181 condicione
1005 2143 1206 2192 quomodo
1246 2143 1286 2182 in
1313 2156 1358 2182 re
1395 2157 1465 2195 ge-

97 2212 223 2261 renda
248 2216 428 2251 versatus
457 2212 548 2258 sim,
578 2211 685 2260 Tibi,
714 2213 761 2251 A.
792 2213 821 2250 B
838 2212 1049 2260 oeckhi,
1075 2213 1254 2252 breviter
1282 2214 1465 2253 narrabo.

202 2279 264 2320 De
299 2281 405 2320 omni
442 2280 614 2320 Dissenii
653 2295 777 2333 opera
813 2286 858 2321 ut
886 2282 1045 2321 diversa
1073 2286 1115 2321 et
1141 2282 1292 2321 fuerint
1320 2287 1360 2321 et
1388 2283 1466 2322 sint

95 2350 303 2390 hominum
331 2351 492 2399 iudicia,
522 2351 600 2390 hoc
621 2352 823 2391 neminem
850 2352 966 2403 sugit,
995 2353 1294 2404 sagacissimum
1323 2353 1465 2399 virum,

98 2432 220 2471 quum
249 2422 387 2459 totum
417 2434 508 2460 sese
548 2421 589 2460 in
618 2421 908 2472 interpretandi
936 2422 1171 2461 suavitatem
1198 2422 1467 2461 immersisset

97 2494 140 2528 et:
165 2490 207 2529 in
235 2491 450 2530 eruendam
479 2494 606 2529 artem
635 2491 779 2529 summi
808 2497 952 2543 poetae
981 2504 1119 2531 omnes
1148 2505 1291 2531 nervos
1317 2492 1466 2542 ingenii

96 2558 348 2608 intendisset,
377 2560 496 2600 crisin
523 2561 735 2599 verborum
763 2561 870 2600 haud
899 2563 983 2612 pari
1005 2562 1213 2614 diligentia
1238 2562 1464 2613 amplexum

95 2641 200 2669 esse.
254 2630 468 2682 Acquievit
494 2630 600 2670 enim
636 2630 726 2671 fere
758 2631 800 2670 in
839 2630 930 2671 Tua
957 2632 1193 2672 recensione
1229 2644 1362 2682 neque
1389 2644 1464 2683 per
