1751 2986
1311 175 1419 203 xxvn

57 265 190 313 partim
212 265 391 304 enarratis
411 265 570 301 victoriis
592 267 688 309 eius;
711 270 893 311 postremo
909 268 1097 311 praeclara
1110 267 1314 302 inventione
1333 279 1419 302 con-

57 329 217 374 iungitur
249 331 440 372 utrumque
464 328 646 373 proposito
668 329 867 363 Alexidami
892 331 1077 374 exemplo,
1100 330 1204 363 unius
1229 341 1248 363 e
1271 330 1420 364 maiori-

57 391 127 425 bus
149 389 403 432 Telesicratis,
428 390 488 434 qui
511 401 635 424 cursor
658 391 809 424 eximius
834 392 921 433 fuit,
946 391 1111 435 idemque
1135 392 1286 425 honesto
1310 392 1420 426 modo

57 451 267 497 coniugium
290 451 549 485 faustissimum
575 464 680 486 cursu
704 458 943 497 consequutus
967 458 1030 486 est.
1088 454 1197 498 Pyth.
1222 454 1284 487 111.
1310 465 1420 497 quum

57 513 172 548 Hiero
205 513 277 546 duo
309 514 408 546 mala
441 513 594 547 haberet
625 525 694 547 uno
719 527 800 548 cum
822 516 936 557 bono,
968 516 1068 548 mala
1101 516 1234 558 partim
1258 516 1420 560 mythice

57 574 246 617 tractavit,
276 574 522 608 valetudinem
548 574 691 617 quidem
722 576 964 618 imbecillam,
998 580 1035 610 ut
1060 581 1216 620 poterat,
1253 577 1420 612 Chironis

57 636 217 681 aliquem
241 636 400 670 divinum
425 635 638 679 discipulum
664 641 789 680 optans
814 642 852 671 ut
876 639 1053 671 adducere
1078 644 1208 681 posset,
1230 640 1330 673 filiae
1355 650 1420 673 au-

57 699 131 731 tem
154 701 307 731 mortem
332 697 519 731 Coronidis
542 700 668 741 pulcra
692 698 839 740 fabula,
873 710 982 741 quum
1009 700 1099 731 haec
1135 710 1192 732 res
1215 699 1347 732 rectius
1369 700 1420 733 si-

57 757 227 803 gnificari
259 758 424 798 deberet;
462 758 596 791 bonum
629 763 771 799 contra,
807 760 900 802 quod
924 760 1086 792 habebat
1111 771 1192 800 rex,
1238 760 1419 794 fortunam

56 819 199 865 regiam
221 819 371 853 ludicris
388 819 529 853 coronis
547 825 722 862 ornatam,
748 820 884 853 directa
902 820 1060 853 oratione
1075 820 1256 861 laudavit3
1282 827 1421 864 postre—

56 892 117 916 mo
151 885 341 925 utrumque
374 892 507 925 genus,
539 881 625 914 bina
656 883 755 915 mala
788 882 868 915 dico
903 893 973 915 uno
1004 892 1086 929 cum
1110 882 1227 923 bono,
1261 882 1294 915 in
1319 883 1420 916 Pelei

56 946 94 978 et
116 943 245 977 Cadmi
266 943 375 976 rebus
398 943 566 986 proponit
589 943 835 985 coniunctum,
866 947 1039 986 tanquam
1074 954 1214 976 summo
1239 945 1418 987 exemplo.

55 1005 158 1040 Addo
189 1015 337 1039 carmen
367 1004 470 1038 Nem.
496 1005 538 1038 X.
593 1005 650 1038 lbi
674 1004 815 1038 Theaei
849 1006 1018 1038 laudatur
1051 1006 1164 1038 robur
1188 1010 1223 1038 et
1246 1006 1418 1039 fortitudo

56 1066 197 1101 ludicra
227 1067 364 1100 directa
394 1066 575 1106 oratione;
607 1067 704 1100 idem
735 1077 844 1110 quum
877 1067 985 1099 etiam
1011 1066 1145 1099 amoris
1179 1066 1330 1099 fraterni
1354 1067 1419 1100 do-

56 1132 223 1163 cumenta
246 1127 401 1173 insignia
423 1127 562 1161 dedisse
589 1128 768 1170 videatur,
800 1127 834 1160 in
860 1129 975 1161 altera
1000 1133 1101 1172 parte
1126 1127 1296 1160 carminis
1318 1128 1420 1172 Tyn-

56 1189 265 1224 daridarum
299 1189 421 1222 nobile
446 1200 512 1232 par
535 1190 765 1233 proponitur,
799 1200 952 1233 quorum
977 1191 1068 1223 alter
1100 1190 1224 1223 vivere
1249 1201 1318 1222 non
1343 1191 1420 1224 vult

55 1251 132 1285 sine
155 1253 282 1286 altero.
328 1251 489 1293 Denique
513 1250 738 1294 prooemium
761 1252 943 1296 Argorum
979 1253 1111 1285 decora
1136 1252 1299 1295 mythica
1325 1253 1420 1284 cele-

55 1312 177 1354 brans.
202 1312 266 1346 ubi
289 1323 372 1345 cum
393 1311 603 1345 fortitudine
627 1312 814 1355 prudentia
838 1317 873 1346 et
888 1313 1022 1346 institia
1047 1314 1178 1353 ssoruit,
1203 1325 1286 1347 eum
1310 1313 1421 1347 finem

55 1373 187 1415 habet,
217 1377 256 1406 ut
289 1376 366 1406 tota
389 1373 607 1416 praestantia
633 1373 775 1406 Theaei
798 1375 844 1407 ad
869 1385 1049 1407 summum
1072 1374 1210 1408 fontem
1235 1386 1337 1408 suum
1362 1386 1421 1408 re-

56 1439 218 1469 vocetur.
272 1434 354 1468 Alia
393 1434 513 1468 forma
551 1434 711 1468 eiusdem
735 1435 787 1467 rei
823 1440 875 1468 est
909 1435 964 1469 ΟΙ.
990 1437 1045 1469 Π.
1103 1437 1192 1471 Sunt
1226 1437 1263 1470 in
1286 1436 1422 1481 Agesia

55 1496 207 1530 virtutes
229 1496 340 1537 duae,
371 1495 543 1529 fortitudo
575 1500 611 1529 et
634 1496 850 1529 vaticinandi
874 1497 1052 1539 sollertia,
1087 1509 1129 1531 ac
1160 1498 1333 1532 fortitudo
1367 1497 1422 1531 di-

56 1561 155 1591 recta
185 1557 346 1591 oratione
378 1557 565 1598 laudatur,
594 1556 815 1590 vaticinandi
844 1569 903 1591 ars
931 1559 1094 1602 mythica
1130 1560 1173 1592 de
1198 1559 1421 1592 Iamidarum

57 1618 198 1663 origine
220 1618 435 1661 narratione,
460 1623 646 1662 utrumque
670 1623 792 1652 autem
815 1619 1041 1653 coniunctum
1066 1622 1256 1654 exhibetur
1280 1620 1315 1653 in
1336 1621 1422 1654 Am-

20 1724 29 1727 -
57 1679 202 1725 phiarai
225 1681 402 1723 exemplo.
458 1679 531 1713 Sed
555 1680 668 1713 habet
690 1680 843 1725 Agesias
876 1687 1018 1724 praeter
1049 1682 1199 1716 virtutes
1224 1683 1333 1716 etiam
1357 1678 1422 1716 ὅλ-

57 1741 138 1787 βον,
160 1744 200 1774 ut
223 1741 400 1785 ampliore
423 1740 568 1774 vinculo
593 1752 683 1784 opus
706 1741 752 1774 sit
778 1743 898 1775 onmia
924 1746 1195 1787 complectente,
1220 1749 1326 1788 atque
1352 1746 1422 1777 hoc

57 1804 247 1847 praeclara
286 1803 489 1837 inventione
520 1806 649 1846 poetae
680 1814 772 1836 nunc
811 1804 846 1837 in
890 1805 1030 1839 nomine
1061 1808 1282 1841 Iamidarum
1318 1807 1422 1847 inest,

56 1864 151 1908 quod
176 1875 369 1908 perennem
392 1864 521 1897 florem
544 1864 739 1909 significat.
799 1866 944 1909 Restat,
975 1873 1015 1901 ut
1047 1869 1091 1902 de
1117 1869 1337 1903 carminibus
1362 1867 1420 1900 01.

55 1925 153 1960 xm.
186 1925 294 1970 Pyth.
319 1926 412 1959 VIII.
447 1926 569 1959 lsthm.
596 1927 651 1960 lv,
694 1927 813 1960 dicam
856 1928 901 1960 ob
943 1929 1099 1963 similem
1142 1941 1301 1963 causam.
1370 1929 1422 1963 Ac

58 1986 268 2021 Corinthiae
298 1987 443 2031 quidem
476 1988 633 2022 civitatis
656 1989 747 2022 duae
770 1989 920 2022 virtutes
945 1990 1159 2032 primariae,
1192 1990 1365 2024 fortitudo
1388 1993 1423 2023 et

55 2047 194 2094 ingenii
213 2049 375 2083 sollertia
398 2059 442 2082 ac
465 2049 666 2093 prudentia,
691 2061 800 2092 quum
825 2055 859 2082 et
882 2050 1054 2083 historico
1072 2055 1234 2095 tempore
1253 2062 1422 2095 praesen-

56 2109 154 2153 tique
178 2114 296 2144 aetate
318 2111 522 2144 habeantur
546 2116 581 2144 et
606 2111 693 2144 olim
716 2111 849 2143 fuerint
873 2111 1044 2154 mythicis
1067 2113 1241 2155 saeculis,
1268 2114 1422 2146 alterum

58 2171 197 2205 directa
220 2172 394 2212 oratione,
420 2173 573 2204 alterum
596 2171 732 2204 fabulis
755 2171 873 2204 allatis
898 2173 1093 2206 ostenditur
1115 2174 1180 2216 sic,
1204 2178 1243 2208 ut
1269 2175 1422 2218 pruden-

57 2232 110 2267 tia
132 2232 169 2265 in
194 2232 351 2276 Sisypho
376 2236 410 2266 et
435 2232 586 2272 Medea,
622 2231 795 2266 fortitudo
828 2232 863 2265 in
886 2233 1053 2267 Troianis
1085 2236 1193 2269 rebus
1218 2235 1424 2269 Corinthio-

58 2305 141 2327 rum
165 2294 358 2338 conspicua
382 2293 540 2336 dicatur,
573 2298 651 2327 tum
676 2293 864 2327 coniuncta
889 2293 1102 2329 inventionis
1134 2303 1170 2332 et
1204 2297 1426 2331 fortitudinis

59 2356 139 2389 laus
176 2355 212 2389 in
251 2354 543 2398 Bellerophontis
586 2355 714 2389 fabula
755 2356 988 2397 exhibeatur,
1027 2368 1117 2400 quae
1151 2359 1259 2393 simul
1296 2359 1426 2392 saturis

60 2416 283 2460 equestribus
320 2416 504 2450 conatibus
535 2416 783 2460 Xenophontis
820 2418 1093 2452 accommodata
1134 2424 1198 2454 est.
1262 2420 1424 2462 Denique

60 2478 181 2512 omnia
203 2479 297 2512 haec
319 2478 527 2522 praeterita,
551 2479 765 2521 praesentia,
788 2479 912 2512 futura
936 2480 1068 2514 decora
1086 2481 1122 2514 in
1143 2480 1319 2525 principio
1344 2490 1426 2513 car-

59 2539 167 2574 minis
190 2539 397 2574 derivantur
427 2539 473 2572 ab
497 2539 624 2580 Horis,
656 2543 828 2583 tanquam
864 2541 1045 2575 communi
1067 2540 1167 2576 fonte
1197 2553 1273 2575 suo.
1320 2540 1427 2574 Eius-

61 2601 146 2635 dem
167 2602 310 2637 formae
333 2604 413 2635 sunt
437 2601 596 2634 carmina
619 2601 728 2646 Pyth.
754 2602 847 2635 vlu.
882 2606 916 2635 et
939 2603 1065 2636 Isthm.
1091 2604 1150 2638 lv.
1205 2604 1246 2637 In
1276 2606 1427 2645 utroque

62 2673 174 2707 quum
193 2663 329 2698 bellica
352 2667 388 2698 et
409 2663 551 2697 ludicra
573 2663 689 2697 virtus
712 2664 872 2708 Aeginae
898 2667 1059 2707 canatur,
1088 2676 1182 2709 quae
1206 2668 1241 2698 et
1264 2663 1428 2709 mythico

60 2729 228 2770 tempore
252 2724 495 2760 Aeacidarum
520 2724 630 2759 suerit
653 2729 689 2760 et
712 2725 821 2759 hodie
854 2724 982 2770 vigeat
1003 2725 1039 2759 in
1063 2725 1225 2769 civibus,
1254 2725 1292 2760 in
1314 2726 1429 2760 altero
