<?xml version="1.0" encoding="UTF-8"?>
<!DOCTYPE html PUBLIC "-//W3C//DTD XHTML 1.0 Transitional//EN"
    "http://www.w3.org/TR/xhtml1/DTD/xhtml1-transitional.dtd">
<html xmlns="http://www.w3.org/1999/xhtml" xml:lang="en" lang="en">
 <head>
  <title>
</title>
<meta http-equiv="Content-Type" content="text/html;charset=utf-8" />
  <meta name='ocr-system' content='tesseract 3.04.00' />
  <meta name='ocr-capabilities' content='ocr_page ocr_carea ocr_par ocr_line ocrx_word'/>
</head>
<body>
  <div class='ocr_page' id='page_1' title='image "./carminaquaesuper01pinduoft_0049.png"; bbox 0 0 1751 2986; ppageno 0'>
   <div class='ocr_carea' id='block_1_1' title="bbox 2 0 18 129">
    <p class='ocr_par' dir='ltr' id='par_1_1' title="bbox 2 0 18 129">
     <span class='ocr_line' id='line_1_1' title="bbox 2 0 18 129; textangle 90"><span class='ocrx_word' id='word_1_1' title='bbox 2 97 6 129; x_wconf 28' lang='lat' dir='ltr'><strong>v-</strong></span> <span class='ocrx_word' id='word_1_2' title='bbox 2 0 18 70; x_wconf 45' lang='grc' dir='ltr'><strong>..ρ’</strong></span> 
     </span>
    </p>
   </div>
   <div class='ocr_carea' id='block_1_2' title="bbox 1300 77 1426 106">
    <p class='ocr_par' dir='ltr' id='par_1_2' title="bbox 1300 77 1426 106">
     <span class='ocr_line' id='line_1_2' title="bbox 1300 77 1426 106; baseline 0.008 -1"><span class='ocrx_word' id='word_1_3' title='bbox 1300 77 1426 106; x_wconf 76' lang='lat' dir='ltr'><strong>xxxm</strong></span> 
     </span>
    </p>
   </div>
   <div class='ocr_carea' id='block_1_3' title="bbox 49 168 1426 1685">
    <p class='ocr_par' dir='ltr' id='par_1_3' title="bbox 49 168 1426 1685">
     <span class='ocr_line' id='line_1_3' title="bbox 63 168 1426 214; baseline -0.001 -8"><span class='ocrx_word' id='word_1_4' title='bbox 63 170 281 211; x_wconf 76' lang='lat' dir='ltr'><strong>fortitudinis</strong></span> <span class='ocrx_word' id='word_1_5' title='bbox 311 173 347 206; x_wconf 92' lang='lat' dir='ltr'><strong>et</strong></span> <span class='ocrx_word' id='word_1_6' title='bbox 374 168 573 214; x_wconf 75' lang='lat' dir='ltr'><strong>sapientiae</strong></span> <span class='ocrx_word' id='word_1_7' title='bbox 603 168 947 213; x_wconf 82' lang='lat' dir='ltr'><strong>moderationisque,</strong></span> <span class='ocrx_word' id='word_1_8' title='bbox 978 168 1065 203; x_wconf 87' lang='lat' dir='ltr'><strong>hinc</strong></span> <span class='ocrx_word' id='word_1_9' title='bbox 1096 168 1206 203; x_wconf 83' lang='lat' dir='ltr'><strong>nectit</strong></span> <span class='ocrx_word' id='word_1_10' title='bbox 1238 174 1426 214; x_wconf 78' lang='lat' dir='ltr'><strong>sequentes</strong></span> 
     </span>
     <span class='ocr_line' id='line_1_4' title="bbox 63 217 1425 276; baseline 0 -10"><span class='ocrx_word' id='word_1_11' title='bbox 63 232 152 266; x_wconf 87' lang='lat' dir='ltr'><strong>duas</strong></span> <span class='ocrx_word' id='word_1_12' title='bbox 174 217 338 274; x_wconf 79' lang='lat' dir='ltr'><strong>fabulas,</strong></span> <span class='ocrx_word' id='word_1_13' title='bbox 369 230 519 276; x_wconf 86' lang='lat' dir='ltr'><strong>quarum</strong></span> <span class='ocrx_word' id='word_1_14' title='bbox 542 231 578 265; x_wconf 89' lang='lat' dir='ltr'><strong>in</strong></span> <span class='ocrx_word' id='word_1_15' title='bbox 603 231 720 276; x_wconf 87' lang='lat' dir='ltr'><strong>prima</strong></span> <span class='ocrx_word' id='word_1_16' title='bbox 745 231 859 265; x_wconf 91' lang='lat' dir='ltr'><strong>denuo</strong></span> <span class='ocrx_word' id='word_1_17' title='bbox 883 235 1078 275; x_wconf 87' lang='lat' dir='ltr'><strong>praeparat</strong></span> <span class='ocrx_word' id='word_1_18' title='bbox 1098 231 1305 265; x_wconf 87' lang='lat' dir='ltr'><strong>secundam.</strong></span> <span class='ocrx_word' id='word_1_19' title='bbox 1351 232 1425 266; x_wconf 85' lang='lat' dir='ltr'><strong>Sed</strong></span> 
     </span>
     <span class='ocr_line' id='line_1_5' title="bbox 61 293 1426 338; baseline 0 -11"><span class='ocrx_word' id='word_1_20' title='bbox 61 293 121 327; x_wconf 89' lang='lat' dir='ltr'><strong>his</strong></span> <span class='ocrx_word' id='word_1_21' title='bbox 143 293 278 327; x_wconf 86' lang='lat' dir='ltr'><strong>fabulis</strong></span> <span class='ocrx_word' id='word_1_22' title='bbox 299 293 374 327; x_wconf 86' lang='lat' dir='ltr'><strong>alia</strong></span> <span class='ocrx_word' id='word_1_23' title='bbox 397 294 617 337; x_wconf 86' lang='lat' dir='ltr'><strong>praecedunt</strong></span> <span class='ocrx_word' id='word_1_24' title='bbox 641 294 684 326; x_wconf 90' lang='lat' dir='ltr'><strong>de</strong></span> <span class='ocrx_word' id='word_1_25' title='bbox 708 294 828 327; x_wconf 91' lang='lat' dir='ltr'><strong>Aeaco</strong></span> <span class='ocrx_word' id='word_1_26' title='bbox 854 297 889 327; x_wconf 89' lang='lat' dir='ltr'><strong>et</strong></span> <span class='ocrx_word' id='word_1_27' title='bbox 911 293 1064 338; x_wconf 79' lang='lat' dir='ltr'><strong>Aegina,</strong></span> <span class='ocrx_word' id='word_1_28' title='bbox 1088 293 1183 326; x_wconf 91' lang='lat' dir='ltr'><strong>unde</strong></span> <span class='ocrx_word' id='word_1_29' title='bbox 1207 294 1426 328; x_wconf 87' lang='lat' dir='ltr'><strong>descendunt</strong></span> 
     </span>
     <span class='ocr_line' id='line_1_6' title="bbox 61 353 1425 399; baseline 0.001 -12"><span class='ocrx_word' id='word_1_30' title='bbox 61 353 265 394; x_wconf 83' lang='lat' dir='ltr'><strong>Aeacidae3</strong></span> <span class='ocrx_word' id='word_1_31' title='bbox 290 365 400 398; x_wconf 89' lang='lat' dir='ltr'><strong>quare</strong></span> <span class='ocrx_word' id='word_1_32' title='bbox 415 359 530 389; x_wconf 88' lang='lat' dir='ltr'><strong>totum</strong></span> <span class='ocrx_word' id='word_1_33' title='bbox 554 357 672 389; x_wconf 90' lang='lat' dir='ltr'><strong>locum</strong></span> <span class='ocrx_word' id='word_1_34' title='bbox 691 355 892 399; x_wconf 70' lang='lat' dir='ltr'><strong>mythicum</strong></span> <span class='ocrx_word' id='word_1_35' title='bbox 909 355 960 388; x_wconf 90' lang='lat' dir='ltr'><strong>sic</strong></span> <span class='ocrx_word' id='word_1_36' title='bbox 979 354 1125 395; x_wconf 82' lang='lat' dir='ltr'><strong>orditur,</strong></span> <span class='ocrx_word' id='word_1_37' title='bbox 1149 358 1189 388; x_wconf 85' lang='lat' dir='ltr'><strong>ut</strong></span> <span class='ocrx_word' id='word_1_38' title='bbox 1204 355 1425 388; x_wconf 89' lang='lat' dir='ltr'><strong>Thebanum</strong></span> 
     </span>
     <span class='ocr_line' id='line_1_7' title="bbox 62 415 1424 460; baseline 0 -12"><span class='ocrx_word' id='word_1_39' title='bbox 62 418 206 459; x_wconf 89' lang='lat' dir='ltr'><strong>poetam</strong></span> <span class='ocrx_word' id='word_1_40' title='bbox 230 415 391 460; x_wconf 84' lang='lat' dir='ltr'><strong>Aeginae</strong></span> <span class='ocrx_word' id='word_1_41' title='bbox 421 427 509 460; x_wconf 83' lang='lat' dir='ltr'><strong>prae</strong></span> <span class='ocrx_word' id='word_1_42' title='bbox 535 417 616 450; x_wconf 87' lang='lat' dir='ltr'><strong>aliis</strong></span> <span class='ocrx_word' id='word_1_43' title='bbox 641 417 785 450; x_wconf 87' lang='lat' dir='ltr'><strong>laudem</strong></span> <span class='ocrx_word' id='word_1_44' title='bbox 810 417 952 460; x_wconf 87' lang='lat' dir='ltr'><strong>poesios</strong></span> <span class='ocrx_word' id='word_1_45' title='bbox 976 417 1134 450; x_wconf 90' lang='lat' dir='ltr'><strong>tribuere</strong></span> <span class='ocrx_word' id='word_1_46' title='bbox 1159 416 1293 450; x_wconf 90' lang='lat' dir='ltr'><strong>debere</strong></span> <span class='ocrx_word' id='word_1_47' title='bbox 1316 417 1424 450; x_wconf 89' lang='lat' dir='ltr'><strong>dicat.</strong></span> 
     </span>
     <span class='ocr_line' id='line_1_8' title="bbox 60 476 1425 519; baseline 0.003 -11"><span class='ocrx_word' id='word_1_48' title='bbox 60 476 140 519; x_wconf 82' lang='lat' dir='ltr'><strong>Quo</strong></span> <span class='ocrx_word' id='word_1_49' title='bbox 164 476 324 510; x_wconf 82' lang='lat' dir='ltr'><strong>suaviter</strong></span> <span class='ocrx_word' id='word_1_50' title='bbox 347 478 510 511; x_wconf 86' lang='lat' dir='ltr'><strong>alludens</strong></span> <span class='ocrx_word' id='word_1_51' title='bbox 541 478 575 512; x_wconf 91' lang='lat' dir='ltr'><strong>in</strong></span> <span class='ocrx_word' id='word_1_52' title='bbox 600 479 672 512; x_wconf 91' lang='lat' dir='ltr'><strong>fine</strong></span> <span class='ocrx_word' id='word_1_53' title='bbox 697 478 807 511; x_wconf 89' lang='lat' dir='ltr'><strong>etiam</strong></span> <span class='ocrx_word' id='word_1_54' title='bbox 845 478 932 511; x_wconf 89' lang='lat' dir='ltr'><strong>olim</strong></span> <span class='ocrx_word' id='word_1_55' title='bbox 955 477 1124 510; x_wconf 87' lang='lat' dir='ltr'><strong>Boeotias</strong></span> <span class='ocrx_word' id='word_1_56' title='bbox 1149 478 1274 511; x_wconf 84' lang='lat' dir='ltr'><strong>Musas</strong></span> <span class='ocrx_word' id='word_1_57' title='bbox 1298 478 1425 512; x_wconf 87' lang='lat' dir='ltr'><strong>Achil-</strong></span> 
     </span>
     <span class='ocr_line' id='line_1_9' title="bbox 58 537 1424 582; baseline 0.001 -12"><span class='ocrx_word' id='word_1_58' title='bbox 58 538 133 571; x_wconf 91' lang='lat' dir='ltr'><strong>lem</strong></span> <span class='ocrx_word' id='word_1_59' title='bbox 157 537 192 570; x_wconf 88' lang='lat' dir='ltr'><strong>in</strong></span> <span class='ocrx_word' id='word_1_60' title='bbox 215 537 340 571; x_wconf 89' lang='lat' dir='ltr'><strong>funere</strong></span> <span class='ocrx_word' id='word_1_61' title='bbox 363 538 454 572; x_wconf 90' lang='lat' dir='ltr'><strong>adeo</strong></span> <span class='ocrx_word' id='word_1_62' title='bbox 481 539 653 573; x_wconf 84' lang='lat' dir='ltr'><strong>cecinisse</strong></span> <span class='ocrx_word' id='word_1_63' title='bbox 676 543 810 572; x_wconf 87' lang='lat' dir='ltr'><strong>narrat.</strong></span> <span class='ocrx_word' id='word_1_64' title='bbox 835 557 880 563; x_wconf 90' lang='lat'><em>-</em></span> <span class='ocrx_word' id='word_1_65' title='bbox 905 540 1007 572; x_wconf 72' lang='lat' dir='ltr'><strong>Nem.</strong></span> <span class='ocrx_word' id='word_1_66' title='bbox 1027 539 1084 580; x_wconf 82' lang='lat' dir='ltr'><strong>lv,</strong></span> <span class='ocrx_word' id='word_1_67' title='bbox 1102 538 1125 571; x_wconf 82' lang='lat'><strong>9</strong></span> <span class='ocrx_word' id='word_1_68' title='bbox 1143 550 1240 582; x_wconf 88' lang='lat' dir='ltr'><strong>seqq.</strong></span> <span class='ocrx_word' id='word_1_69' title='bbox 1266 539 1424 581; x_wconf 85' lang='lat' dir='ltr'><strong>fabulas,</strong></span> 
     </span>
     <span class='ocr_line' id='line_1_10' title="bbox 59 600 1426 643; baseline 0.002 -11"><span class='ocrx_word' id='word_1_70' title='bbox 59 609 149 643; x_wconf 84' lang='lat' dir='ltr'><strong>quas</strong></span> <span class='ocrx_word' id='word_1_71' title='bbox 173 609 321 633; x_wconf 87' lang='lat' dir='ltr'><strong>narrare</strong></span> <span class='ocrx_word' id='word_1_72' title='bbox 345 601 440 641; x_wconf 80' lang='lat' dir='ltr'><strong>vult,</strong></span> <span class='ocrx_word' id='word_1_73' title='bbox 468 601 707 634; x_wconf 84' lang='lat' dir='ltr'><strong>Aeacidarum</strong></span> <span class='ocrx_word' id='word_1_74' title='bbox 744 601 789 633; x_wconf 87' lang='lat' dir='ltr'><strong>ad</strong></span> <span class='ocrx_word' id='word_1_75' title='bbox 813 600 910 633; x_wconf 74' lang='lat' dir='ltr'><strong>Iovis</strong></span> <span class='ocrx_word' id='word_1_76' title='bbox 935 601 1080 634; x_wconf 90' lang='lat' dir='ltr'><strong>laudem</strong></span> <span class='ocrx_word' id='word_1_77' title='bbox 1103 606 1262 634; x_wconf 82' lang='lat' dir='ltr'><strong>revocat.</strong></span> <span class='ocrx_word' id='word_1_78' title='bbox 1322 601 1426 635; x_wconf 83' lang='lat' dir='ltr'><strong>Canit</strong></span> 
     </span>
     <span class='ocr_line' id='line_1_11' title="bbox 58 661 1422 705; baseline 0.001 -11"><span class='ocrx_word' id='word_1_79' title='bbox 58 664 182 694; x_wconf 81' lang='lat' dir='ltr'><strong>autem</strong></span> <span class='ocrx_word' id='word_1_80' title='bbox 205 662 322 705; x_wconf 83' lang='lat' dir='ltr'><strong>plura,</strong></span> <span class='ocrx_word' id='word_1_81' title='bbox 347 661 502 705; x_wconf 88' lang='lat' dir='ltr'><strong>primum</strong></span> <span class='ocrx_word' id='word_1_82' title='bbox 528 662 572 695; x_wconf 91' lang='lat' dir='ltr'><strong>de</strong></span> <span class='ocrx_word' id='word_1_83' title='bbox 590 662 802 703; x_wconf 82' lang='lat' dir='ltr'><strong>Telamone,</strong></span> <span class='ocrx_word' id='word_1_84' title='bbox 828 662 956 694; x_wconf 88' lang='lat' dir='ltr'><strong>deinde</strong></span> <span class='ocrx_word' id='word_1_85' title='bbox 982 666 1062 705; x_wconf 85' lang='lat' dir='ltr'><strong>post</strong></span> <span class='ocrx_word' id='word_1_86' title='bbox 1086 662 1334 705; x_wconf 87' lang='lat' dir='ltr'><strong>interpositam</strong></span> <span class='ocrx_word' id='word_1_87' title='bbox 1358 663 1422 696; x_wconf 87' lang='lat' dir='ltr'><strong>de-</strong></span> 
     </span>
     <span class='ocr_line' id='line_1_12' title="bbox 57 721 1422 766; baseline 0.001 -11"><span class='ocrx_word' id='word_1_88' title='bbox 57 721 256 756; x_wconf 80' lang='lat' dir='ltr'><strong>fensionem</strong></span> <span class='ocrx_word' id='word_1_89' title='bbox 287 723 331 756; x_wconf 92' lang='lat' dir='ltr'><strong>de</strong></span> <span class='ocrx_word' id='word_1_90' title='bbox 367 723 495 756; x_wconf 88' lang='lat' dir='ltr'><strong>ceteris</strong></span> <span class='ocrx_word' id='word_1_91' title='bbox 525 723 690 756; x_wconf 85' lang='lat' dir='ltr'><strong>Aeacidis</strong></span> <span class='ocrx_word' id='word_1_92' title='bbox 723 723 794 755; x_wconf 89' lang='lat' dir='ltr'><strong>alio</strong></span> <span class='ocrx_word' id='word_1_93' title='bbox 820 724 945 755; x_wconf 52' lang='lat' dir='ltr'><strong>modoss</strong></span> <span class='ocrx_word' id='word_1_94' title='bbox 994 724 1037 756; x_wconf 75' lang='lat' dir='ltr'><strong>ln</strong></span> <span class='ocrx_word' id='word_1_95' title='bbox 1061 724 1133 756; x_wconf 89' lang='lat' dir='ltr'><strong>fine</strong></span> <span class='ocrx_word' id='word_1_96' title='bbox 1160 734 1228 756; x_wconf 91' lang='lat' dir='ltr'><strong>non</strong></span> <span class='ocrx_word' id='word_1_97' title='bbox 1253 735 1359 766; x_wconf 90' lang='lat' dir='ltr'><strong>posse</strong></span> <span class='ocrx_word' id='word_1_98' title='bbox 1383 734 1422 757; x_wconf 92' lang='lat' dir='ltr'><strong>se</strong></span> 
     </span>
     <span class='ocr_line' id='line_1_13' title="bbox 55 783 1423 829; baseline 0.001 -13"><span class='ocrx_word' id='word_1_99' title='bbox 55 783 177 816; x_wconf 88' lang='lat' dir='ltr'><strong>omnia</strong></span> <span class='ocrx_word' id='word_1_100' title='bbox 207 783 375 827; x_wconf 83' lang='lat' dir='ltr'><strong>persequi</strong></span> <span class='ocrx_word' id='word_1_101' title='bbox 395 784 539 823; x_wconf 89' lang='lat' dir='ltr'><strong>dicens,</strong></span> <span class='ocrx_word' id='word_1_102' title='bbox 564 783 616 817; x_wconf 89' lang='lat' dir='ltr'><strong>sic</strong></span> <span class='ocrx_word' id='word_1_103' title='bbox 639 784 820 827; x_wconf 84' lang='lat' dir='ltr'><strong>abrumpit</strong></span> <span class='ocrx_word' id='word_1_104' title='bbox 844 785 1023 829; x_wconf 70' lang='lat' dir='ltr'><strong>mythic-a,</strong></span> <span class='ocrx_word' id='word_1_105' title='bbox 1059 795 1151 827; x_wconf 89' lang='lat' dir='ltr'><strong>quae</strong></span> <span class='ocrx_word' id='word_1_106' title='bbox 1177 784 1423 827; x_wconf 86' lang='lat' dir='ltr'><strong>imperfectior</strong></span> 
     </span>
     <span class='ocr_line' id='line_1_14' title="bbox 56 843 1420 887; baseline 0.001 -10"><span class='ocrx_word' id='word_1_107' title='bbox 56 845 222 878; x_wconf 83' lang='lat' dir='ltr'><strong>clausula</strong></span> <span class='ocrx_word' id='word_1_108' title='bbox 246 849 314 887; x_wconf 87' lang='lat' dir='ltr'><strong>est,</strong></span> <span class='ocrx_word' id='word_1_109' title='bbox 347 845 411 878; x_wconf 87' lang='lat' dir='ltr'><strong>sed</strong></span> <span class='ocrx_word' id='word_1_110' title='bbox 442 855 511 877; x_wconf 91' lang='lat' dir='ltr'><strong>non</strong></span> <span class='ocrx_word' id='word_1_111' title='bbox 535 843 755 877; x_wconf 84' lang='lat' dir='ltr'><strong>offerebatur</strong></span> <span class='ocrx_word' id='word_1_112' title='bbox 789 845 861 879; x_wconf 88' lang='lat' dir='ltr'><strong>alia</strong></span> <span class='ocrx_word' id='word_1_113' title='bbox 887 845 1121 879; x_wconf 87' lang='lat' dir='ltr'><strong>commodior.</strong></span> <span class='ocrx_word' id='word_1_114' title='bbox 1175 845 1316 879; x_wconf 85' lang='lat' dir='ltr'><strong>Eadem</strong></span> <span class='ocrx_word' id='word_1_115' title='bbox 1340 846 1420 879; x_wconf 79' lang='lat' dir='ltr'><strong>for-</strong></span> 
     </span>
     <span class='ocr_line' id='line_1_15' title="bbox 55 904 1420 947; baseline 0.001 -9"><span class='ocrx_word' id='word_1_116' title='bbox 55 905 155 938; x_wconf 85' lang='lat' dir='ltr'><strong>mula</strong></span> <span class='ocrx_word' id='word_1_117' title='bbox 189 906 298 939; x_wconf 90' lang='lat' dir='ltr'><strong>etiam</strong></span> <span class='ocrx_word' id='word_1_118' title='bbox 328 906 455 939; x_wconf 89' lang='lat' dir='ltr'><strong>Isthm.</strong></span> <span class='ocrx_word' id='word_1_119' title='bbox 481 906 520 947; x_wconf 86' lang='lat' dir='ltr'><strong>V,</strong></span> <span class='ocrx_word' id='word_1_120' title='bbox 543 904 599 938; x_wconf 84' lang='lat'><strong>56.</strong></span> <span class='ocrx_word' id='word_1_121' title='bbox 633 907 768 940; x_wconf 87' lang='lat' dir='ltr'><strong>claudit</strong></span> <span class='ocrx_word' id='word_1_122' title='bbox 798 908 918 941; x_wconf 89' lang='lat' dir='ltr'><strong>locum</strong></span> <span class='ocrx_word' id='word_1_123' title='bbox 955 908 1000 941; x_wconf 90' lang='lat' dir='ltr'><strong>de</strong></span> <span class='ocrx_word' id='word_1_124' title='bbox 1030 906 1271 940; x_wconf 83' lang='lat' dir='ltr'><strong>Aeacidarum</strong></span> <span class='ocrx_word' id='word_1_125' title='bbox 1303 907 1420 940; x_wconf 90' lang='lat' dir='ltr'><strong>laudi-</strong></span> 
     </span>
     <span class='ocr_line' id='line_1_16' title="bbox 54 965 1420 1012; baseline 0.002 -13"><span class='ocrx_word' id='word_1_126' title='bbox 54 965 134 999; x_wconf 88' lang='lat' dir='ltr'><strong>bus.</strong></span> <span class='ocrx_word' id='word_1_127' title='bbox 157 983 202 992; x_wconf 92' lang='lat'>—</span> <span class='ocrx_word' id='word_1_128' title='bbox 225 966 282 1000; x_wconf 92' lang='lat' dir='ltr'><strong>Ol.</strong></span> <span class='ocrx_word' id='word_1_129' title='bbox 305 967 381 1000; x_wconf 80' lang='lat' dir='ltr'><strong>Vll.</strong></span> <span class='ocrx_word' id='word_1_130' title='bbox 407 971 480 1000; x_wconf 88' lang='lat' dir='ltr'><strong>tres</strong></span> <span class='ocrx_word' id='word_1_131' title='bbox 502 971 584 1000; x_wconf 86' lang='lat' dir='ltr'><strong>sunt</strong></span> <span class='ocrx_word' id='word_1_132' title='bbox 605 967 763 1001; x_wconf 89' lang='lat' dir='ltr'><strong>fabulae.</strong></span> <span class='ocrx_word' id='word_1_133' title='bbox 810 970 861 1001; x_wconf 87' lang='lat' dir='ltr'><strong>Ac</strong></span> <span class='ocrx_word' id='word_1_134' title='bbox 893 970 1048 1012; x_wconf 84' lang='lat' dir='ltr'><strong>primum</strong></span> <span class='ocrx_word' id='word_1_135' title='bbox 1073 968 1231 1012; x_wconf 84' lang='lat' dir='ltr'><strong>origines</strong></span> <span class='ocrx_word' id='word_1_136' title='bbox 1255 969 1420 1002; x_wconf 84' lang='lat' dir='ltr'><strong>familiae</strong></span> 
     </span>
     <span class='ocr_line' id='line_1_17' title="bbox 54 1027 1419 1072; baseline 0.001 -11"><span class='ocrx_word' id='word_1_137' title='bbox 54 1037 77 1061; x_wconf 87' lang='lat' dir='ltr'><strong>a</strong></span> <span class='ocrx_word' id='word_1_138' title='bbox 95 1027 310 1071; x_wconf 86' lang='lat' dir='ltr'><strong>Tlepolemo</strong></span> <span class='ocrx_word' id='word_1_139' title='bbox 333 1027 516 1071; x_wconf 83' lang='lat' dir='ltr'><strong>explicare</strong></span> <span class='ocrx_word' id='word_1_140' title='bbox 541 1029 640 1067; x_wconf 84' lang='lat' dir='ltr'><strong>vult3</strong></span> <span class='ocrx_word' id='word_1_141' title='bbox 664 1028 715 1061; x_wconf 88' lang='lat' dir='ltr'><strong>sic</strong></span> <span class='ocrx_word' id='word_1_142' title='bbox 740 1029 840 1072; x_wconf 90' lang='lat' dir='ltr'><strong>ponit</strong></span> <span class='ocrx_word' id='word_1_143' title='bbox 862 1030 1027 1063; x_wconf 85' lang='lat' dir='ltr'><strong>fabulam</strong></span> <span class='ocrx_word' id='word_1_144' title='bbox 1052 1031 1096 1063; x_wconf 90' lang='lat' dir='ltr'><strong>de</strong></span> <span class='ocrx_word' id='word_1_145' title='bbox 1122 1031 1203 1062; x_wconf 89' lang='lat' dir='ltr'><strong>hoc.</strong></span> <span class='ocrx_word' id='word_1_146' title='bbox 1241 1030 1314 1063; x_wconf 88' lang='lat' dir='ltr'><strong>Sed</strong></span> <span class='ocrx_word' id='word_1_147' title='bbox 1337 1034 1419 1063; x_wconf 87' lang='lat' dir='ltr'><strong>ante</strong></span> 
     </span>
     <span class='ocr_line' id='line_1_18' title="bbox 53 1087 1421 1134; baseline 0.002 -13"><span class='ocrx_word' id='word_1_148' title='bbox 53 1088 164 1122; x_wconf 97' lang='lat' dir='ltr'><strong>finem</strong></span> <span class='ocrx_word' id='word_1_149' title='bbox 186 1099 223 1121; x_wconf 83' lang='lat' dir='ltr'><strong>v.</strong></span> <span class='ocrx_word' id='word_1_150' title='bbox 247 1087 303 1122; x_wconf 77' lang='lat'><strong>34.</strong></span> <span class='ocrx_word' id='word_1_151' title='bbox 337 1093 538 1123; x_wconf 85' lang='lat' dir='ltr'><strong>memorata</strong></span> <span class='ocrx_word' id='word_1_152' title='bbox 568 1100 678 1122; x_wconf 90' lang='lat' dir='ltr'><strong>aurea</strong></span> <span class='ocrx_word' id='word_1_153' title='bbox 714 1090 840 1133; x_wconf 79' lang='lat' dir='ltr'><strong>pluvia</strong></span> <span class='ocrx_word' id='word_1_154' title='bbox 865 1090 1099 1123; x_wconf 83' lang='lat' dir='ltr'><strong>fundamenta</strong></span> <span class='ocrx_word' id='word_1_155' title='bbox 1129 1091 1217 1125; x_wconf 82' lang='lat' dir='ltr'><strong>iacit</strong></span> <span class='ocrx_word' id='word_1_156' title='bbox 1240 1091 1421 1134; x_wconf 86' lang='lat' dir='ltr'><strong>sequentis</strong></span> 
     </span>
     <span class='ocr_line' id='line_1_19' title="bbox 52 1149 1419 1197; baseline 0.003 -15"><span class='ocrx_word' id='word_1_157' title='bbox 52 1149 200 1183; x_wconf 84' lang='lat' dir='ltr'><strong>fabulae</strong></span> <span class='ocrx_word' id='word_1_158' title='bbox 231 1150 276 1183; x_wconf 91' lang='lat' dir='ltr'><strong>de</strong></span> <span class='ocrx_word' id='word_1_159' title='bbox 300 1149 538 1184; x_wconf 83' lang='lat' dir='ltr'><strong>Heliadarum</strong></span> <span class='ocrx_word' id='word_1_160' title='bbox 572 1162 692 1183; x_wconf 89' lang='lat' dir='ltr'><strong>errore</strong></span> <span class='ocrx_word' id='word_1_161' title='bbox 727 1155 762 1184; x_wconf 89' lang='lat' dir='ltr'><strong>et</strong></span> <span class='ocrx_word' id='word_1_162' title='bbox 794 1156 883 1185; x_wconf 90' lang='lat' dir='ltr'><strong>arte.</strong></span> <span class='ocrx_word' id='word_1_163' title='bbox 936 1153 1099 1195; x_wconf 80' lang='lat' dir='ltr'><strong>Quorum</strong></span> <span class='ocrx_word' id='word_1_164' title='bbox 1131 1157 1169 1185; x_wconf 88' lang='lat' dir='ltr'><strong>ut</strong></span> <span class='ocrx_word' id='word_1_165' title='bbox 1205 1152 1234 1185; x_wconf 93' lang='lat' dir='ltr'><strong>si</strong></span> <span class='ocrx_word' id='word_1_166' title='bbox 1259 1153 1419 1197; x_wconf 84' lang='lat' dir='ltr'><strong>origines</strong></span> 
     </span>
     <span class='ocr_line' id='line_1_20' title="bbox 53 1208 1424 1254; baseline 0.002 -10"><span class='ocrx_word' id='word_1_167' title='bbox 53 1210 236 1254; x_wconf 83' lang='lat' dir='ltr'><strong>explicare</strong></span> <span class='ocrx_word' id='word_1_168' title='bbox 260 1211 368 1254; x_wconf 76' lang='lat' dir='ltr'><strong>velit,</strong></span> <span class='ocrx_word' id='word_1_169' title='bbox 394 1212 535 1246; x_wconf 83' lang='lat' dir='ltr'><strong>tertiam</strong></span> <span class='ocrx_word' id='word_1_170' title='bbox 560 1212 702 1245; x_wconf 85' lang='lat' dir='ltr'><strong>subiicit</strong></span> <span class='ocrx_word' id='word_1_171' title='bbox 727 1213 972 1246; x_wconf 88' lang='lat' dir='ltr'><strong>narrationem</strong></span> <span class='ocrx_word' id='word_1_172' title='bbox 1005 1214 1048 1246; x_wconf 91' lang='lat' dir='ltr'><strong>de</strong></span> <span class='ocrx_word' id='word_1_173' title='bbox 1083 1214 1168 1247; x_wconf 87' lang='lat' dir='ltr'><strong>Sole</strong></span> <span class='ocrx_word' id='word_1_174' title='bbox 1192 1213 1314 1247; x_wconf 85' lang='lat' dir='ltr'><strong>Rhodi</strong></span> <span class='ocrx_word' id='word_1_175' title='bbox 1338 1208 1424 1247; x_wconf 56' lang='lat' dir='ltr'><strong>deos</strong></span> 
     </span>
     <span class='ocr_line' id='line_1_21' title="bbox 52 1271 1420 1319; baseline 0.002 -13"><span class='ocrx_word' id='word_1_176' title='bbox 52 1271 114 1306; x_wconf 88' lang='lat' dir='ltr'><strong>Sic</strong></span> <span class='ocrx_word' id='word_1_177' title='bbox 137 1272 248 1317; x_wconf 86' lang='lat' dir='ltr'><strong>igitur</strong></span> <span class='ocrx_word' id='word_1_178' title='bbox 270 1283 384 1306; x_wconf 85' lang='lat' dir='ltr'><strong>nexae</strong></span> <span class='ocrx_word' id='word_1_179' title='bbox 408 1277 487 1306; x_wconf 88' lang='lat' dir='ltr'><strong>sunt</strong></span> <span class='ocrx_word' id='word_1_180' title='bbox 509 1273 671 1306; x_wconf 82' lang='lat' dir='ltr'><strong>fabulae.</strong></span> <span class='ocrx_word' id='word_1_181' title='bbox 719 1274 880 1316; x_wconf 90' lang='lat' dir='ltr'><strong>Denique</strong></span> <span class='ocrx_word' id='word_1_182' title='bbox 905 1279 943 1307; x_wconf 93' lang='lat' dir='ltr'><strong>ut</strong></span> <span class='ocrx_word' id='word_1_183' title='bbox 966 1279 1039 1308; x_wconf 86' lang='lat' dir='ltr'><strong>tota</strong></span> <span class='ocrx_word' id='word_1_184' title='bbox 1065 1285 1262 1319; x_wconf 86' lang='lat' dir='ltr'><strong>compages</strong></span> <span class='ocrx_word' id='word_1_185' title='bbox 1283 1276 1420 1309; x_wconf 85' lang='lat' dir='ltr'><strong>habeat</strong></span> 
     </span>
     <span class='ocr_line' id='line_1_22' title="bbox 53 1333 1418 1377; baseline 0.002 -11"><span class='ocrx_word' id='word_1_186' title='bbox 53 1344 124 1377; x_wconf 87' lang='lat' dir='ltr'><strong>quo</strong></span> <span class='ocrx_word' id='word_1_187' title='bbox 147 1334 380 1376; x_wconf 74' lang='lat' dir='ltr'><strong>contineatur,</strong></span> <span class='ocrx_word' id='word_1_188' title='bbox 405 1339 486 1368; x_wconf 84' lang='lat' dir='ltr'><strong>ante</strong></span> <span class='ocrx_word' id='word_1_189' title='bbox 509 1335 654 1368; x_wconf 85' lang='lat' dir='ltr'><strong>fabulas</strong></span> <span class='ocrx_word' id='word_1_190' title='bbox 676 1347 709 1367; x_wconf 84' lang='lat' dir='ltr'><strong>v.</strong></span> <span class='ocrx_word' id='word_1_191' title='bbox 726 1333 781 1367; x_wconf 74' lang='lat'><strong>14.</strong></span> <span class='ocrx_word' id='word_1_192' title='bbox 807 1337 931 1377; x_wconf 89' lang='lat' dir='ltr'><strong>pulcre</strong></span> <span class='ocrx_word' id='word_1_193' title='bbox 954 1337 1092 1369; x_wconf 84' lang='lat' dir='ltr'><strong>nuntiat</strong></span> <span class='ocrx_word' id='word_1_194' title='bbox 1109 1347 1148 1368; x_wconf 88' lang='lat' dir='ltr'><strong>se</strong></span> <span class='ocrx_word' id='word_1_195' title='bbox 1169 1336 1310 1369; x_wconf 79' lang='lat' dir='ltr'><strong>venisse</strong></span> <span class='ocrx_word' id='word_1_196' title='bbox 1335 1348 1418 1370; x_wconf 90' lang='lat' dir='ltr'><strong>cum</strong></span> 
     </span>
     <span class='ocr_line' id='line_1_23' title="bbox 51 1395 1416 1441; baseline 0.001 -12"><span class='ocrx_word' id='word_1_197' title='bbox 51 1395 160 1429; x_wconf 80' lang='lat' dir='ltr'><strong>laude</strong></span> <span class='ocrx_word' id='word_1_198' title='bbox 184 1395 323 1437; x_wconf 82' lang='lat' dir='ltr'><strong>Rhodi,</strong></span> <span class='ocrx_word' id='word_1_199' title='bbox 355 1396 503 1429; x_wconf 67' lang='lat' dir='ltr'><strong>Veneris</strong></span> <span class='ocrx_word' id='word_1_200' title='bbox 525 1396 626 1429; x_wconf 86' lang='lat' dir='ltr'><strong>filiae</strong></span> <span class='ocrx_word' id='word_1_201' title='bbox 650 1400 684 1429; x_wconf 84' lang='lat' dir='ltr'><strong>et</strong></span> <span class='ocrx_word' id='word_1_202' title='bbox 707 1396 803 1429; x_wconf 88' lang='lat' dir='ltr'><strong>Solis</strong></span> <span class='ocrx_word' id='word_1_203' title='bbox 827 1397 968 1437; x_wconf 71' lang='lat' dir='ltr'><strong>uxoris,</strong></span> <span class='ocrx_word' id='word_1_204' title='bbox 995 1398 1038 1430; x_wconf 86' lang='lat' dir='ltr'><strong>ad</strong></span> <span class='ocrx_word' id='word_1_205' title='bbox 1065 1408 1172 1440; x_wconf 88' lang='lat' dir='ltr'><strong>quam</strong></span> <span class='ocrx_word' id='word_1_206' title='bbox 1195 1398 1312 1441; x_wconf 85' lang='lat' dir='ltr'><strong>ipsam</strong></span> <span class='ocrx_word' id='word_1_207' title='bbox 1338 1409 1416 1431; x_wconf 90' lang='lat' dir='ltr'><strong>rem</strong></span> 
     </span>
     <span class='ocr_line' id='line_1_24' title="bbox 50 1455 1417 1502; baseline 0.003 -13"><span class='ocrx_word' id='word_1_208' title='bbox 50 1455 87 1489; x_wconf 87' lang='lat' dir='ltr'><strong>in</strong></span> <span class='ocrx_word' id='word_1_209' title='bbox 120 1456 194 1489; x_wconf 85' lang='lat' dir='ltr'><strong>fine</strong></span> <span class='ocrx_word' id='word_1_210' title='bbox 218 1457 344 1490; x_wconf 85' lang='lat' dir='ltr'><strong>tertiae</strong></span> <span class='ocrx_word' id='word_1_211' title='bbox 374 1457 525 1491; x_wconf 84' lang='lat' dir='ltr'><strong>fabulae</strong></span> <span class='ocrx_word' id='word_1_212' title='bbox 558 1458 714 1495; x_wconf 82' lang='lat' dir='ltr'><strong>rediens,</strong></span> <span class='ocrx_word' id='word_1_213' title='bbox 749 1458 811 1489; x_wconf 88' lang='lat' dir='ltr'><strong>ubi</strong></span> <span class='ocrx_word' id='word_1_214' title='bbox 844 1458 1016 1490; x_wconf 85' lang='lat' dir='ltr'><strong>Rhodum</strong></span> <span class='ocrx_word' id='word_1_215' title='bbox 1041 1459 1117 1491; x_wconf 89' lang='lat' dir='ltr'><strong>Soli</strong></span> <span class='ocrx_word' id='word_1_216' title='bbox 1151 1464 1290 1502; x_wconf 88' lang='lat' dir='ltr'><strong>septem</strong></span> <span class='ocrx_word' id='word_1_217' title='bbox 1320 1460 1417 1493; x_wconf 87' lang='lat' dir='ltr'><strong>filios</strong></span> 
     </span>
     <span class='ocr_line' id='line_1_25' title="bbox 50 1517 1418 1561; baseline 0.003 -11"><span class='ocrx_word' id='word_1_218' title='bbox 50 1517 235 1561; x_wconf 79' lang='lat' dir='ltr'><strong>peperisse</strong></span> <span class='ocrx_word' id='word_1_219' title='bbox 260 1522 394 1560; x_wconf 81' lang='lat' dir='ltr'><strong>narrat,</strong></span> <span class='ocrx_word' id='word_1_220' title='bbox 418 1518 506 1551; x_wconf 82' lang='lat' dir='ltr'><strong>satis</strong></span> <span class='ocrx_word' id='word_1_221' title='bbox 536 1518 697 1550; x_wconf 84' lang='lat' dir='ltr'><strong>declarat</strong></span> <span class='ocrx_word' id='word_1_222' title='bbox 721 1517 767 1550; x_wconf 85' lang='lat' dir='ltr'><strong>ad</strong></span> <span class='ocrx_word' id='word_1_223' title='bbox 792 1519 885 1550; x_wconf 84' lang='lat' dir='ltr'><strong>hanc</strong></span> <span class='ocrx_word' id='word_1_224' title='bbox 909 1518 1083 1552; x_wconf 78' lang='lat' dir='ltr'><strong>unitatem</strong></span> <span class='ocrx_word' id='word_1_225' title='bbox 1107 1530 1145 1553; x_wconf 88' lang='lat' dir='ltr'><strong>se</strong></span> <span class='ocrx_word' id='word_1_226' title='bbox 1166 1521 1285 1554; x_wconf 82' lang='lat' dir='ltr'><strong>omnia</strong></span> <span class='ocrx_word' id='word_1_227' title='bbox 1309 1532 1418 1554; x_wconf 86' lang='lat' dir='ltr'><strong>revo—</strong></span> 
     </span>
     <span class='ocr_line' id='line_1_26' title="bbox 51 1579 1414 1623; baseline 0.001 -10"><span class='ocrx_word' id='word_1_228' title='bbox 51 1589 202 1613; x_wconf 84' lang='lat' dir='ltr'><strong>care.—</strong></span> <span class='ocrx_word' id='word_1_229' title='bbox 226 1580 283 1613; x_wconf 84' lang='lat'><strong>01.</strong></span> <span class='ocrx_word' id='word_1_230' title='bbox 307 1579 440 1620; x_wconf 77' lang='lat' dir='ltr'><strong>1x‚41.</strong></span> <span class='ocrx_word' id='word_1_231' title='bbox 466 1579 708 1623; x_wconf 83' lang='lat' dir='ltr'><strong>Protogeniae</strong></span> <span class='ocrx_word' id='word_1_232' title='bbox 735 1580 861 1612; x_wconf 88' lang='lat' dir='ltr'><strong>urbem</strong></span> <span class='ocrx_word' id='word_1_233' title='bbox 888 1580 1037 1612; x_wconf 83' lang='lat' dir='ltr'><strong>laudare</strong></span> <span class='ocrx_word' id='word_1_234' title='bbox 1061 1591 1099 1612; x_wconf 91' lang='lat' dir='ltr'><strong>se</strong></span> <span class='ocrx_word' id='word_1_235' title='bbox 1123 1581 1220 1613; x_wconf 75' lang='lat' dir='ltr'><strong>velle</strong></span> <span class='ocrx_word' id='word_1_236' title='bbox 1247 1580 1344 1622; x_wconf 86' lang='lat' dir='ltr'><strong>dicit,</strong></span> <span class='ocrx_word' id='word_1_237' title='bbox 1370 1592 1414 1614; x_wconf 82' lang='lat' dir='ltr'><strong>ex</strong></span> 
     </span>
     <span class='ocr_line' id='line_1_27' title="bbox 49 1639 1415 1685; baseline 0.001 -12"><span class='ocrx_word' id='word_1_238' title='bbox 49 1651 120 1684; x_wconf 84' lang='lat' dir='ltr'><strong>quo</strong></span> <span class='ocrx_word' id='word_1_239' title='bbox 143 1639 241 1674; x_wconf 80' lang='lat' dir='ltr'><strong>facto</strong></span> <span class='ocrx_word' id='word_1_240' title='bbox 264 1641 418 1674; x_wconf 85' lang='lat' dir='ltr'><strong>nectitur</strong></span> <span class='ocrx_word' id='word_1_241' title='bbox 439 1653 592 1685; x_wconf 89' lang='lat' dir='ltr'><strong>sequens</strong></span> <span class='ocrx_word' id='word_1_242' title='bbox 616 1641 753 1675; x_wconf 82' lang='lat' dir='ltr'><strong>fabula.</strong></span> <span class='ocrx_word' id='word_1_243' title='bbox 791 1640 882 1674; x_wconf 65' lang='lat' dir='ltr'><strong>Nam</strong></span> <span class='ocrx_word' id='word_1_244' title='bbox 907 1641 1008 1684; x_wconf 89' lang='lat' dir='ltr'><strong>quasi</strong></span> <span class='ocrx_word' id='word_1_245' title='bbox 1033 1646 1070 1674; x_wconf 89' lang='lat' dir='ltr'><strong>ut</strong></span> <span class='ocrx_word' id='word_1_246' title='bbox 1090 1642 1300 1684; x_wconf 81' lang='lat' dir='ltr'><strong>explicetur,</strong></span> <span class='ocrx_word' id='word_1_247' title='bbox 1325 1653 1415 1685; x_wconf 88' lang='lat' dir='ltr'><strong>quo-</strong></span> 
     </span>
    </p>
   </div>
   <div class='ocr_carea' id='block_1_4' title="bbox 2 1702 1415 1747">
    <p class='ocr_par' dir='ltr' id='par_1_4' title="bbox 2 1702 1415 1747">
     <span class='ocr_line' id='line_1_28' title="bbox 2 1702 1415 1747; baseline 0 -12"><span class='ocrx_word' id='word_1_248' title='bbox 2 1719 9 1724; x_wconf 73' lang='lat'>=</span> <span class='ocrx_word' id='word_1_249' title='bbox 48 1702 158 1735; x_wconf 82' lang='lat' dir='ltr'><strong>modo</strong></span> <span class='ocrx_word' id='word_1_250' title='bbox 181 1702 421 1747; x_wconf 86' lang='lat' dir='ltr'><strong>Pr0togeniae</strong></span> <span class='ocrx_word' id='word_1_251' title='bbox 445 1704 530 1736; x_wconf 91' lang='lat' dir='ltr'><strong>urbs</strong></span> <span class='ocrx_word' id='word_1_252' title='bbox 553 1703 662 1736; x_wconf 81' lang='lat' dir='ltr'><strong>fuerit</strong></span> <span class='ocrx_word' id='word_1_253' title='bbox 680 1702 788 1746; x_wconf 80' lang='lat' dir='ltr'><strong>Opus,</strong></span> <span class='ocrx_word' id='word_1_254' title='bbox 813 1702 1001 1735; x_wconf 87' lang='lat' dir='ltr'><strong>subiicitur</strong></span> <span class='ocrx_word' id='word_1_255' title='bbox 1024 1702 1183 1735; x_wconf 87' lang='lat' dir='ltr'><strong>narratio</strong></span> <span class='ocrx_word' id='word_1_256' title='bbox 1209 1703 1252 1735; x_wconf 91' lang='lat' dir='ltr'><strong>de</strong></span> <span class='ocrx_word' id='word_1_257' title='bbox 1275 1703 1415 1747; x_wconf 87' lang='lat' dir='ltr'><strong>origine</strong></span> 
     </span>
    </p>
   </div>
   <div class='ocr_carea' id='block_1_5' title="bbox 48 1763 1416 1868">
    <p class='ocr_par' dir='ltr' id='par_1_5' title="bbox 48 1763 1416 1868">
     <span class='ocr_line' id='line_1_29' title="bbox 48 1763 1415 1808; baseline 0 -12"><span class='ocrx_word' id='word_1_258' title='bbox 48 1774 178 1808; x_wconf 82' lang='lat' dir='ltr'><strong>regum</strong></span> <span class='ocrx_word' id='word_1_259' title='bbox 208 1763 468 1808; x_wconf 85' lang='lat' dir='ltr'><strong>Opuntiorum,</strong></span> <span class='ocrx_word' id='word_1_260' title='bbox 499 1774 591 1807; x_wconf 86' lang='lat' dir='ltr'><strong>quae</strong></span> <span class='ocrx_word' id='word_1_261' title='bbox 623 1764 659 1798; x_wconf 89' lang='lat' dir='ltr'><strong>in</strong></span> <span class='ocrx_word' id='word_1_262' title='bbox 692 1763 765 1796; x_wconf 89' lang='lat' dir='ltr'><strong>fine</strong></span> <span class='ocrx_word' id='word_1_263' title='bbox 798 1763 908 1796; x_wconf 87' lang='lat' dir='ltr'><strong>etiam</strong></span> <span class='ocrx_word' id='word_1_264' title='bbox 939 1764 1032 1796; x_wconf 88' lang='lat' dir='ltr'><strong>redit</strong></span> <span class='ocrx_word' id='word_1_265' title='bbox 1067 1764 1113 1796; x_wconf 86' lang='lat' dir='ltr'><strong>ad</strong></span> <span class='ocrx_word' id='word_1_266' title='bbox 1146 1764 1415 1807; x_wconf 80' lang='lat' dir='ltr'><strong>Protogeniam,</strong></span> 
     </span>
     <span class='ocr_line' id='line_1_30' title="bbox 48 1813 1416 1868; baseline 0 -9"><span class='ocrx_word' id='word_1_267' title='bbox 48 1824 202 1868; x_wconf 80' lang='lat' dir='ltr'><strong>opuntis</strong></span> <span class='ocrx_word' id='word_1_268' title='bbox 226 1825 360 1867; x_wconf 85' lang='lat' dir='ltr'><strong>filiam,</strong></span> <span class='ocrx_word' id='word_1_269' title='bbox 393 1829 432 1859; x_wconf 85' lang='lat' dir='ltr'><strong>ut</strong></span> <span class='ocrx_word' id='word_1_270' title='bbox 455 1837 547 1858; x_wconf 89' lang='lat' dir='ltr'><strong>nunc</strong></span> <span class='ocrx_word' id='word_1_271' title='bbox 570 1825 755 1866; x_wconf 74' lang='lat' dir='ltr'><strong>videmus,</strong></span> <span class='ocrx_word' id='word_1_272' title='bbox 793 1824 901 1856; x_wconf 81' lang='lat' dir='ltr'><strong>Locri</strong></span> <span class='ocrx_word' id='word_1_273' title='bbox 923 1823 1022 1867; x_wconf 86' lang='lat' dir='ltr'><strong>regis</strong></span> <span class='ocrx_word' id='word_1_274' title='bbox 1045 1823 1180 1857; x_wconf 86' lang='lat' dir='ltr'><strong>factam</strong></span> <span class='ocrx_word' id='word_1_275' title='bbox 1206 1813 1355 1857; x_wconf 80' lang='lat' dir='ltr'><strong>uxorem</strong></span> <span class='ocrx_word' id='word_1_276' title='bbox 1381 1829 1416 1859; x_wconf 89' lang='lat' dir='ltr'><strong>et</strong></span> 
     </span>
    </p>
   </div>
   <div class='ocr_carea' id='block_1_6' title="bbox 23 1885 1415 1931">
    <p class='ocr_par' dir='ltr' id='par_1_6' title="bbox 23 1885 1415 1931">
     <span class='ocr_line' id='line_1_31' title="bbox 23 1885 1415 1931; baseline -0.001 -12"><span class='ocrx_word' id='word_1_277' title='bbox 23 1896 27 1902; x_wconf 85' lang='grc'>’</span> <span class='ocrx_word' id='word_1_278' title='bbox 48 1885 213 1931; x_wconf 85' lang='lat' dir='ltr'><strong>reginam</strong></span> <span class='ocrx_word' id='word_1_279' title='bbox 236 1886 349 1919; x_wconf 89' lang='lat' dir='ltr'><strong>urbis.</strong></span> <span class='ocrx_word' id='word_1_280' title='bbox 385 1887 500 1930; x_wconf 86' lang='lat' dir='ltr'><strong>Atque</strong></span> <span class='ocrx_word' id='word_1_281' title='bbox 525 1886 576 1920; x_wconf 85' lang='lat' dir='ltr'><strong>ita</strong></span> <span class='ocrx_word' id='word_1_282' title='bbox 600 1890 710 1930; x_wconf 86' lang='lat' dir='ltr'><strong>patet,</strong></span> <span class='ocrx_word' id='word_1_283' title='bbox 735 1886 915 1928; x_wconf 90' lang='lat' dir='ltr'><strong>quomodo</strong></span> <span class='ocrx_word' id='word_1_284' title='bbox 940 1885 1041 1928; x_wconf 89' lang='lat' dir='ltr'><strong>Opus</strong></span> <span class='ocrx_word' id='word_1_285' title='bbox 1064 1886 1304 1929; x_wconf 83' lang='lat' dir='ltr'><strong>Protogeniae</strong></span> <span class='ocrx_word' id='word_1_286' title='bbox 1330 1887 1415 1918; x_wconf 90' lang='lat' dir='ltr'><strong>urbs</strong></span> 
     </span>
    </p>
   </div>
   <div class='ocr_carea' id='block_1_7' title="bbox 46 1946 1415 2544">
    <p class='ocr_par' dir='ltr' id='par_1_7' title="bbox 46 1946 1415 2544">
     <span class='ocr_line' id='line_1_32' title="bbox 47 1946 1414 1990; baseline 0 -10"><span class='ocrx_word' id='word_1_287' title='bbox 47 1946 104 1981; x_wconf 89' lang='lat' dir='ltr'><strong>sit.</strong></span> <span class='ocrx_word' id='word_1_288' title='bbox 148 1947 288 1981; x_wconf 87' lang='lat' dir='ltr'><strong>Deinde</strong></span> <span class='ocrx_word' id='word_1_289' title='bbox 324 1948 399 1981; x_wconf 85' lang='lat' dir='ltr'><strong>alia</strong></span> <span class='ocrx_word' id='word_1_290' title='bbox 429 1948 558 1981; x_wconf 81' lang='lat' dir='ltr'><strong>fabula</strong></span> <span class='ocrx_word' id='word_1_291' title='bbox 589 1958 656 1990; x_wconf 88' lang='lat' dir='ltr'><strong>per</strong></span> <span class='ocrx_word' id='word_1_292' title='bbox 684 1946 987 1980; x_wconf 85' lang='lat' dir='ltr'><strong>continuationem</strong></span> <span class='ocrx_word' id='word_1_293' title='bbox 1019 1946 1234 1979; x_wconf 85' lang='lat' dir='ltr'><strong>narrationis</strong></span> <span class='ocrx_word' id='word_1_294' title='bbox 1269 1950 1414 1980; x_wconf 88' lang='lat' dir='ltr'><strong>antece-</strong></span> 
     </span>
     <span class='ocr_line' id='line_1_33' title="bbox 48 2007 1415 2054; baseline -0.002 -12"><span class='ocrx_word' id='word_1_295' title='bbox 48 2007 144 2042; x_wconf 83' lang='lat' dir='ltr'><strong>denti</strong></span> <span class='ocrx_word' id='word_1_296' title='bbox 169 2007 373 2054; x_wconf 83' lang='lat' dir='ltr'><strong>adiungitur</strong></span> <span class='ocrx_word' id='word_1_297' title='bbox 396 2008 469 2050; x_wconf 88' lang='lat' dir='ltr'><strong>sic,</strong></span> <span class='ocrx_word' id='word_1_298' title='bbox 498 2012 548 2050; x_wconf 85' lang='lat' dir='ltr'><strong>ut,</strong></span> <span class='ocrx_word' id='word_1_299' title='bbox 586 2019 694 2051; x_wconf 92' lang='lat' dir='ltr'><strong>quum</strong></span> <span class='ocrx_word' id='word_1_300' title='bbox 719 2007 854 2040; x_wconf 86' lang='lat' dir='ltr'><strong>Locrus</strong></span> <span class='ocrx_word' id='word_1_301' title='bbox 880 2007 1013 2049; x_wconf 82' lang='lat' dir='ltr'><strong>opunti</strong></span> <span class='ocrx_word' id='word_1_302' title='bbox 1037 2007 1115 2039; x_wconf 88' lang='lat' dir='ltr'><strong>filio</strong></span> <span class='ocrx_word' id='word_1_303' title='bbox 1138 2008 1265 2040; x_wconf 91' lang='lat' dir='ltr'><strong>urbem</strong></span> <span class='ocrx_word' id='word_1_304' title='bbox 1300 2019 1415 2051; x_wconf 87' lang='lat' dir='ltr'><strong>popu-</strong></span> 
     </span>
     <span class='ocr_line' id='line_1_34' title="bbox 47 2068 1413 2115; baseline 0 -12"><span class='ocrx_word' id='word_1_305' title='bbox 47 2071 194 2112; x_wconf 81' lang='lat' dir='ltr'><strong>lumque</strong></span> <span class='ocrx_word' id='word_1_306' title='bbox 217 2070 492 2115; x_wconf 79' lang='lat' dir='ltr'><strong>gubernandum</strong></span> <span class='ocrx_word' id='word_1_307' title='bbox 515 2069 705 2102; x_wconf 81' lang='lat' dir='ltr'><strong>tradidisse</strong></span> <span class='ocrx_word' id='word_1_308' title='bbox 729 2069 888 2108; x_wconf 80' lang='lat' dir='ltr'><strong>dicatur,</strong></span> <span class='ocrx_word' id='word_1_309' title='bbox 921 2068 982 2100; x_wconf 89' lang='lat' dir='ltr'><strong>hic</strong></span> <span class='ocrx_word' id='word_1_310' title='bbox 1015 2069 1168 2111; x_wconf 87' lang='lat' dir='ltr'><strong>populus</strong></span> <span class='ocrx_word' id='word_1_311' title='bbox 1193 2069 1308 2111; x_wconf 87' lang='lat' dir='ltr'><strong>qualis</strong></span> <span class='ocrx_word' id='word_1_312' title='bbox 1332 2069 1413 2103; x_wconf 85' lang='lat' dir='ltr'><strong>fue-</strong></span> 
     </span>
     <span class='ocr_line' id='line_1_35' title="bbox 47 2129 1413 2174; baseline -0.001 -10"><span class='ocrx_word' id='word_1_313' title='bbox 47 2131 316 2174; x_wconf 79' lang='lat' dir='ltr'><strong>rit&#39;explicetur</strong></span> <span class='ocrx_word' id='word_1_314' title='bbox 337 2142 404 2174; x_wconf 82' lang='lat' dir='ltr'><strong>per</strong></span> <span class='ocrx_word' id='word_1_315' title='bbox 426 2131 623 2174; x_wconf 85' lang='lat' dir='ltr'><strong>sequentia.</strong></span> <span class='ocrx_word' id='word_1_316' title='bbox 678 2130 727 2163; x_wconf 87' lang='lat' dir='ltr'><strong>Ut</strong></span> <span class='ocrx_word' id='word_1_317' title='bbox 751 2140 838 2161; x_wconf 83' lang='lat' dir='ltr'><strong>vero</strong></span> <span class='ocrx_word' id='word_1_318' title='bbox 871 2129 981 2161; x_wconf 78' lang='lat' dir='ltr'><strong>etiam</strong></span> <span class='ocrx_word' id='word_1_319' title='bbox 1015 2139 1203 2162; x_wconf 90' lang='lat' dir='ltr'><strong>commune</strong></span> <span class='ocrx_word' id='word_1_320' title='bbox 1227 2130 1413 2164; x_wconf 77' lang='lat' dir='ltr'><strong>vinculum</strong></span> 
     </span>
     <span class='ocr_line' id='line_1_36' title="bbox 48 2189 1414 2236; baseline -0.001 -11"><span class='ocrx_word' id='word_1_321' title='bbox 48 2191 144 2226; x_wconf 88' lang='lat' dir='ltr'><strong>adsit</strong></span> <span class='ocrx_word' id='word_1_322' title='bbox 168 2192 290 2226; x_wconf 88' lang='lat' dir='ltr'><strong>omnia</strong></span> <span class='ocrx_word' id='word_1_323' title='bbox 321 2193 585 2236; x_wconf 86' lang='lat' dir='ltr'><strong>complectens,</strong></span> <span class='ocrx_word' id='word_1_324' title='bbox 616 2195 699 2225; x_wconf 88' lang='lat' dir='ltr'><strong>ante</strong></span> <span class='ocrx_word' id='word_1_325' title='bbox 732 2190 877 2223; x_wconf 82' lang='lat' dir='ltr'><strong>fabulas</strong></span> <span class='ocrx_word' id='word_1_326' title='bbox 907 2189 942 2222; x_wconf 89' lang='lat' dir='ltr'><strong>in</strong></span> <span class='ocrx_word' id='word_1_327' title='bbox 965 2189 1084 2233; x_wconf 89' lang='lat' dir='ltr'><strong>priore</strong></span> <span class='ocrx_word' id='word_1_328' title='bbox 1118 2194 1221 2234; x_wconf 89' lang='lat' dir='ltr'><strong>parte</strong></span> <span class='ocrx_word' id='word_1_329' title='bbox 1246 2191 1414 2224; x_wconf 85' lang='lat' dir='ltr'><strong>carminis</strong></span> 
     </span>
     <span class='ocr_line' id='line_1_37' title="bbox 47 2252 1413 2298; baseline -0.001 -10"><span class='ocrx_word' id='word_1_330' title='bbox 47 2253 227 2298; x_wconf 82' lang='lat' dir='ltr'><strong>Opuntem</strong></span> <span class='ocrx_word' id='word_1_331' title='bbox 258 2253 387 2287; x_wconf 85' lang='lat' dir='ltr'><strong>urbem</strong></span> <span class='ocrx_word' id='word_1_332' title='bbox 416 2253 555 2287; x_wconf 86' lang='lat' dir='ltr'><strong>nuntiat</strong></span> <span class='ocrx_word' id='word_1_333' title='bbox 588 2264 627 2287; x_wconf 89' lang='lat' dir='ltr'><strong>se</strong></span> <span class='ocrx_word' id='word_1_334' title='bbox 648 2252 880 2286; x_wconf 87' lang='lat' dir='ltr'><strong>laudaturum</strong></span> <span class='ocrx_word' id='word_1_335' title='bbox 912 2255 1019 2294; x_wconf 84' lang='lat' dir='ltr'><strong>atque</strong></span> <span class='ocrx_word' id='word_1_336' title='bbox 1043 2252 1155 2286; x_wconf 86' lang='lat' dir='ltr'><strong>etiam</strong></span> <span class='ocrx_word' id='word_1_337' title='bbox 1180 2253 1317 2286; x_wconf 88' lang='lat' dir='ltr'><strong>orditur</strong></span> <span class='ocrx_word' id='word_1_338' title='bbox 1337 2252 1413 2286; x_wconf 87' lang='lat' dir='ltr'><strong>iam</strong></span> 
     </span>
     <span class='ocr_line' id='line_1_38' title="bbox 47 2313 1412 2358; baseline -0.001 -9"><span class='ocrx_word' id='word_1_339' title='bbox 47 2314 100 2349; x_wconf 81' lang='lat' dir='ltr'><strong>ibi</strong></span> <span class='ocrx_word' id='word_1_340' title='bbox 123 2315 281 2349; x_wconf 86' lang='lat' dir='ltr'><strong>laudem.</strong></span> <span class='ocrx_word' id='word_1_341' title='bbox 315 2315 388 2349; x_wconf 89' lang='lat' dir='ltr'><strong>Sed</strong></span> <span class='ocrx_word' id='word_1_342' title='bbox 411 2326 503 2348; x_wconf 84' lang='lat' dir='ltr'><strong>nunc</strong></span> <span class='ocrx_word' id='word_1_343' title='bbox 528 2315 575 2348; x_wconf 88' lang='lat' dir='ltr'><strong>ad</strong></span> <span class='ocrx_word' id='word_1_344' title='bbox 599 2314 697 2348; x_wconf 90' lang='lat' dir='ltr'><strong>aliud</strong></span> <span class='ocrx_word' id='word_1_345' title='bbox 720 2313 915 2347; x_wconf 88' lang='lat' dir='ltr'><strong>artificium</strong></span> <span class='ocrx_word' id='word_1_346' title='bbox 940 2313 1094 2346; x_wconf 83' lang='lat' dir='ltr'><strong>attende.</strong></span> <span class='ocrx_word' id='word_1_347' title='bbox 1125 2314 1278 2348; x_wconf 66' lang='lat' dir='ltr'><strong>Volebat</strong></span> <span class='ocrx_word' id='word_1_348' title='bbox 1304 2325 1412 2358; x_wconf 88' lang='lat' dir='ltr'><strong>prae-</strong></span> 
     </span>
     <span class='ocr_line' id='line_1_39' title="bbox 47 2373 1412 2419; baseline -0.002 -9"><span class='ocrx_word' id='word_1_349' title='bbox 47 2379 103 2410; x_wconf 81' lang='lat' dir='ltr'><strong>ter</strong></span> <span class='ocrx_word' id='word_1_350' title='bbox 125 2375 324 2409; x_wconf 81' lang='lat' dir='ltr'><strong>Locrenses</strong></span> <span class='ocrx_word' id='word_1_351' title='bbox 347 2376 492 2411; x_wconf 85' lang='lat' dir='ltr'><strong>fabulas</strong></span> <span class='ocrx_word' id='word_1_352' title='bbox 515 2376 624 2410; x_wconf 83' lang='lat' dir='ltr'><strong>etiam</strong></span> <span class='ocrx_word' id='word_1_353' title='bbox 649 2376 694 2409; x_wconf 91' lang='lat' dir='ltr'><strong>de</strong></span> <span class='ocrx_word' id='word_1_354' title='bbox 717 2376 877 2408; x_wconf 90' lang='lat' dir='ltr'><strong>Hercule</strong></span> <span class='ocrx_word' id='word_1_355' title='bbox 902 2373 1041 2414; x_wconf 82' lang='lat' dir='ltr'><strong>dicere3</strong></span> <span class='ocrx_word' id='word_1_356' title='bbox 1080 2375 1205 2418; x_wconf 88' lang='lat' dir='ltr'><strong>quodsi</strong></span> <span class='ocrx_word' id='word_1_357' title='bbox 1233 2380 1313 2419; x_wconf 89' lang='lat' dir='ltr'><strong>post</strong></span> <span class='ocrx_word' id='word_1_358' title='bbox 1343 2376 1412 2408; x_wconf 86' lang='lat' dir='ltr'><strong>has</strong></span> 
     </span>
     <span class='ocr_line' id='line_1_40' title="bbox 46 2435 1411 2479; baseline -0.001 -9"><span class='ocrx_word' id='word_1_359' title='bbox 46 2436 191 2470; x_wconf 78' lang='lat' dir='ltr'><strong>fabulas</strong></span> <span class='ocrx_word' id='word_1_360' title='bbox 214 2436 362 2471; x_wconf 88' lang='lat' dir='ltr'><strong>demum</strong></span> <span class='ocrx_word' id='word_1_361' title='bbox 385 2438 432 2472; x_wconf 89' lang='lat' dir='ltr'><strong>ad</strong></span> <span class='ocrx_word' id='word_1_362' title='bbox 451 2439 650 2472; x_wconf 87' lang='lat' dir='ltr'><strong>Herculem</strong></span> <span class='ocrx_word' id='word_1_363' title='bbox 673 2437 840 2479; x_wconf 78' lang='lat' dir='ltr'><strong>venisset,</strong></span> <span class='ocrx_word' id='word_1_364' title='bbox 866 2438 1026 2469; x_wconf 86' lang='lat' dir='ltr'><strong>assutum</strong></span> <span class='ocrx_word' id='word_1_365' title='bbox 1049 2435 1268 2469; x_wconf 86' lang='lat' dir='ltr'><strong>haberemus</strong></span> <span class='ocrx_word' id='word_1_366' title='bbox 1289 2437 1411 2469; x_wconf 89' lang='lat' dir='ltr'><strong>locum</strong></span> 
     </span>
     <span class='ocr_line' id='line_1_41' title="bbox 47 2496 1410 2544; baseline -0.004 -13"><span class='ocrx_word' id='word_1_367' title='bbox 47 2499 85 2531; x_wconf 87' lang='lat' dir='ltr'><strong>et</strong></span> <span class='ocrx_word' id='word_1_368' title='bbox 104 2498 203 2531; x_wconf 84' lang='lat' dir='ltr'><strong>male</strong></span> <span class='ocrx_word' id='word_1_369' title='bbox 226 2508 414 2532; x_wconf 82' lang='lat' dir='ltr'><strong>annexum.</strong></span> <span class='ocrx_word' id='word_1_370' title='bbox 460 2499 557 2543; x_wconf 81' lang='lat' dir='ltr'><strong>Quid</strong></span> <span class='ocrx_word' id='word_1_371' title='bbox 589 2498 702 2544; x_wconf 86' lang='lat' dir='ltr'><strong>igitur</strong></span> <span class='ocrx_word' id='word_1_372' title='bbox 723 2496 841 2532; x_wconf 67' lang='lat' dir='ltr'><strong>facit?</strong></span> <span class='ocrx_word' id='word_1_373' title='bbox 895 2497 1098 2542; x_wconf 88' lang='lat' dir='ltr'><strong>Accingens</strong></span> <span class='ocrx_word' id='word_1_374' title='bbox 1120 2507 1159 2529; x_wconf 89' lang='lat' dir='ltr'><strong>se</strong></span> <span class='ocrx_word' id='word_1_375' title='bbox 1182 2508 1217 2530; x_wconf 82' lang='lat' dir='ltr'><strong>v.</strong></span> <span class='ocrx_word' id='word_1_376' title='bbox 1244 2496 1287 2529; x_wconf 81' lang='lat'><strong>21</strong></span> <span class='ocrx_word' id='word_1_377' title='bbox 1311 2507 1410 2539; x_wconf 87' lang='lat' dir='ltr'><strong>seqq.</strong></span> 
     </span>
    </p>
   </div>
   <div class='ocr_carea' id='block_1_8' title="bbox 47 2556 1409 2642">
    <p class='ocr_par' dir='ltr' id='par_1_8' title="bbox 47 2556 1409 2642">
     <span class='ocr_line' id='line_1_42' title="bbox 47 2556 1409 2603; baseline -0.003 -10"><span class='ocrx_word' id='word_1_378' title='bbox 47 2558 93 2593; x_wconf 85' lang='lat' dir='ltr'><strong>ad</strong></span> <span class='ocrx_word' id='word_1_379' title='bbox 116 2559 290 2594; x_wconf 77' lang='lat' dir='ltr'><strong>maiorem</strong></span> <span class='ocrx_word' id='word_1_380' title='bbox 314 2560 460 2594; x_wconf 83' lang='lat' dir='ltr'><strong>laudem</strong></span> <span class='ocrx_word' id='word_1_381' title='bbox 482 2559 603 2602; x_wconf 86' lang='lat' dir='ltr'><strong>urbis,</strong></span> <span class='ocrx_word' id='word_1_382' title='bbox 627 2570 711 2595; x_wconf 87' lang='lat' dir='ltr'><strong>mox</strong></span> <span class='ocrx_word' id='word_1_383' title='bbox 736 2559 839 2603; x_wconf 90' lang='lat' dir='ltr'><strong>quasi</strong></span> <span class='ocrx_word' id='word_1_384' title='bbox 863 2570 928 2602; x_wconf 88' lang='lat' dir='ltr'><strong>per</strong></span> <span class='ocrx_word' id='word_1_385' title='bbox 951 2557 1218 2592; x_wconf 87' lang='lat' dir='ltr'><strong>aberrationem</strong></span> <span class='ocrx_word' id='word_1_386' title='bbox 1242 2556 1288 2590; x_wconf 81' lang='lat' dir='ltr'><strong>ad</strong></span> <span class='ocrx_word' id='word_1_387' title='bbox 1314 2557 1409 2590; x_wconf 87' lang='lat' dir='ltr'><strong>Her-</strong></span> 
     </span>
     <span class='ocr_line' id='line_1_43' title="bbox 1064 2618 1137 2642; baseline 0 0"><span class='ocrx_word' id='word_1_388' title='bbox 1064 2618 1137 2642; x_wconf 56' lang='lat' dir='ltr'><strong>*ur*</strong></span> 
     </span>
    </p>
   </div>
  </div>
 </body>
</html>
