1751 2986
591 161 980 205 TEMPORUM.
1408 176 1482 204 cxv

129 273 152 300 23
175 266 409 302 -fflerofobit
428 267 580 312 (Introd.
606 266 846 312 Olymp.<1.).'

147 322 181 357 3.
201 323 309 368 Pyth.
335 322 392 356 31.

147 397 150 402 ·
190 379 396 413 Arcesilaus
418 379 478 413 IV.
502 380 726 424 Cyrenarum
749 391 813 413 rex
837 390 943 413 curru
968 379 1107 425 Pythiis
1130 378 1258 414 victor.

190 435 368 469 Pindarus
391 435 533 479 scripsit
558 437 663 479 Pyth.
690 436 730 468 V.
756 440 791 469 et
815 436 983 479 deinceps
1009 437 1112 480 Pyth.
1141 435 1198 469 lv.

125 491 302 577 Olymp.
327 491 451 532 79,1.
497 492 678 536 Diagoras
703 492 868 525 Rhodius
891 493 994 537 pugil
1016 493 1133 526 victor
1157 491 1410 536 Olympiis..

157 548 366 581 .Pindarus
388 548 530 592 scripsit
553 548 697 592 Olymp-
722 549 798 581 vn.

191 605 392 647 xenophon
417 605 621 638 Corinthius
644 605 759 638 stadio
785 608 819 637 et
843 605 1028 648 pentathlo
1053 604 1225 648 Olympia
1246 604 1383 638 vincit.

190 661 366 694 Pindarus
389 660 530 704 scripsit
554 660 699 704 Olyanp.
727 661 822 694 Xlll.
849 664 883 722 et
907 660 1068 693 Scolium
1091 661 1242 705 Fragm.
1267 661 1300 694 1.
1330 661 1485 704 (Introd

218 733 224 745 -·
259 717 307 750 ad.
328 716 474 760 Olym’p
503 717 644 758 xm.)
1080 745 1082 747 ,

144 771 177 805 2.
194 771 352 806 Nemeae
377 772 574 805 institutum
608 771 783 815 pentathli
814 775 997 804 certamen
1029 771 1132 806 Nem.
1156 771 1212 805 53.
1246 773 1487 816 probabiliter

256 830 309 870 (v.
336 829 382 861 ad
406 828 508 862 Nem.
531 828 559 860 V
564 828 659 870 11).·

144 882 177 917 4.
197 884 389 917 Camarina
413 895 435 917 a
459 884 584 918 Gelois
607 866 770 916 restituta
795 883 858 925 (ad
882 883 1004 916 Schol.
1032 895 1064 926 p
1091 881 1202 925 121..)

166 941 468 974 zcatanaeomm
485 940 706 984 respublica.
715 940 877 973 restituta
909 940 1059 982 (lntrod.
1088 941 1193 983 Pyth.
1220 938 1287 982 1.):
1336 939 1486 973 Aetnaei

258 997 388 1030 cedunt
415 997 451 1030 in
487 997 659 1040 oppidum
685 997 861 1037 lnessam,
898 995 991 1038 quod
1016 995 1088 1028 iam
1113 996 1248 1029 Aetnae
1273 1007 1402 1030 nomen
1428 998 1485 1030 lu-

143 1075 145 1082 ·
180 1068 182 1072 >
214 1055 375 1086 ›scr-tur
390 1053 517 1095 (Diod.
543 1054 616 1087 Sic'.
644 1054 704 1094 xl,
728 1052 784 1085 75.
812 1057 847 1085 et
871 1051 1056 1093 Wessel.).

129 1137 132 1140 A
188 1109 270 1143 Hoc
294 1114 386 1142 anno
410 1109 513 1143 Nem.
537 1108 593 1142 54.
628 1109 716 1142 vicit
738 1109 900 1153 Sogenes
924 1108 1163 1152 Aeginetaet
1185 1107 1358 1152 scriptum
1381 1108 1484 1143 Nem.

256 1165 326 1198 111.
353 1166 592 1210 probabiliter
616 1167 668 1209 (v.
693 1166 749 1199 ad
762 1166 834 1198 hoc
860 1166 1034 1206 taimen).
1153 1170 1157 1173 “
1218 1172 1220 1174 ’

124 1221 300 1267 Olymp
324 1222 389 1265 80,
414 1222 451 1255 1.
494 1222 698 1256 Arcesilaus
723 1223 946 1265 Cyrenarum
970 1232 1033 1254 rex
1070 1232 1180 1254 curru
1204 1220 1398 1288 OlympIae
1430 1221 1486 1256 vi—

256 1283 333 1312 ctor
357 1279 509 1322 (lntrod.
536 1279 582 1311 ad
607 1279 713 1322 Pyth.
740 1278 784 1310 lv
789 1277 828 1319 ..)

188 1335 399 1369 Alcimedon
421 1336 596 1379 Aegineta
619 1336 716 1367 lucta
739 1333 832 1367 inter
856 1344 987 1377 pueros
1009 1333 1126 1367 victor
1150 1333 1357 1378 Olympiae.

191 1391 366 1424 Pindarus
391 1391 584 1436 Olympiae
610 1390 752 1433 scripsit
778 1392 922 1435 Olymp.
950 1390 1045 1422 vlll.

146 1447 181 1482 3.
200 1449 307 1492 Pyth.
333 1448 389 1481 33.

192 1505 452 1548 Thrasydaeus
475 1504 673 1537 Thebanus
706 1502 821 1534 stadio
856 1504 913 1536 vel
938 1503 1059 1535 diaulo
1083 1500 1226 1546 Pythiis
1257 1501 1373 1535 victor
1396 1501 1487 1535 inter

256 1560 354 1593 viros
378 1560 529 1604 (Introd.
556 1559 601 1592 ad
627 1559 733 1602 Pyth.
760 1558 853 1600 XL).

190 1617 451 1660 Epharmostus
477 1617 611 1648 Locrus
636 1614 811 1658 Opuntius
835 1616 933 1647 lucta
967 1614 1057 1647 inter
1081 1613 1181 1646 viros
1204 1613 1320 1647 victor
1345 1614 1488 1659 pythiis

257 1673 407 1717 (inti-od.
434 1672 481 1705 ad
507 1671 651 1715 Olymp.
679 1671 771 1713 lx).

189 1729 431 1763 Aristomenes
454 1727 629 1772 Aegineta
653 1726 781 1760 iisdem
805 1726 945 1771 Pythiis
968 1737 1100 1769 pueros
1123 1727 1221 1759 lucta
1245 1725 1366 1759 vincit.

190 1786 286 1819 Huic
316 1790 393 1819 tum
417 1784 593 1818 Pindarus
617 1783 768 1826 Delphis
799 1795 922 1816 mense
948 1783 1139 1827 Olympico
1173 1782 1313 1815 decimo
1346 1781 1490 1826 scripsit

255 1843 361 1886 Pyth.
378 1841 473 1874 Vlll.
489 1842 597 1884 paulo
620 1844 702 1873 ante
721 1840 909 1873 subactam
934 1840 980 1872 ab
1002 1839 1279 1872 Atheniensibus
1298 1839 1489 1884 Aeginam.

189 1899 350 1944 Aeginae
375 1897 512 1931 obsidio
537 1897 663 1940 incipit
687 1901 837 1930 exeunte
863 1907 954 1930 anno
973 1896 1164 1941 Olympico
1187 1896 1352 1938 (Miiller.
1376 1894 1488 1939 Aegi—

258 1959 328 1988 net.
352 1967 386 1998 p.
417 1954 524 1995 1711).

190 2011 360 2045 Fortasse
384 2011 455 2043 hoc
480 2020 570 2043 anno
595 2009 720 2041 lsthm.
746 2008 774 2041 1.
802 2007 988 2051 scriptum.

192 2067 283 2101 Ante
307 2068 377 2100 hoc
410 2070 552 2109 tempus
576 2065 709 2107 scripta
729 2065 832 2097 Nem.
858 2065 919 2095 111.
948 2064 1017 2104 152,
1042 2063 1112 2096 hoc
1138 2061 1276 2105 aliquot
1299 2062 1397 2095 haud
1422 2061 1488 2095 du-

258 2123 319 2155 bie
345 2122 444 2154 annis
469 2121 578 2154 etiam
604 2125 685 2153 ante
712 2122 859 2163 Olymp.
884 2118 939 2152 80.

190 2178 283 2212 Item
307 2177 404 2210 circa
429 2178 573 2221 Olymp.
601 2175 656 2208 80.
683 2187 828 2208 carmen
852 2175 953 2208 Nem.
977 2175 1035 2208 vl.
1061 2175 1264 2218 ponendum
1288 2175 1443 2208 videtur.

192 2235 338 2279 Olymp.
364 2233 426 2275 80,
451 2234 473 2275 Ξ
497 2232 669 2276 scriptum
692 2232 790 2265 Nem.
816 2231 909 2264 VllI.

147 2289 181 2324 4.
203 2289 484 2325 Lacedaemonii
515 2293 550 2323 et
582 2288 710 2322 Boeoti
751 2288 898 2321 vincunt
927 2285 1162 2320 Athenienses
1194 2286 1421 2332 Argivosque
1456 2291 1491 2321 et

258 2347 376 2380 socios
407 2346 502 2390 apud
526 2346 760 2389 Tanagram,
796 2348 949 2388 quatuor
983 2342 1062 2376 fere
1086 2346 1167 2376 ante
1197 2355 1263 2377 ver
1294 2344 1490 2386 mensibus,

257 2414 380 2437 mense
412 2402 555 2436 circiter
589 2402 708 2445 quinto
742 2402 803 2435 vel
840 2404 939 2435 sexto
975 2399 1157 2444 Olympici
1190 2400 1273 2434 anni
1304 2401 1406 2445 (vide
1443 2400 1490 2434 ad

258 2460 387 2493 Isthm.
409 2459 503 2502 VI.).

192 2516 429 2550 Athenienses
451 2515 599 2549 vincunt
611 2515 809 2548 Thebanos
832 2513 879 2547 ad
898 2512 1114 2557 Oenophyta
1133 2513 1363 2558 Tanagraea,
1379 2513 1492 2546 LXII.

261 2572 388 2605 diebus
422 2575 504 2616 post
539 2571 680 2604 cladem
714 2572 989 2616 Tanagraeam‚
1024 2570 1164 2604 duobus
1199 2569 1277 2604 fere
1309 2569 1492 2603 mensibus

263 2631 346 2662 ante
371 2640 437 2662 ver
461 2627 598 2670 (ibid).

198 2683 338 2729 Aegina
370 2685 418 2720 ab
442 2683 720 2747 Atheniensibus
750 2683 787 2718 in
810 2682 1031 2718 deditionem
1053 2681 1251 2726 accipitur,
1286 2693 1372 2716 vere
1397 2681 1493 2716 eius-
