1751 2986
1324 138 1421 167 xcm

58 224 184 273 gantia
214 229 409 272 tyrannum
439 225 597 259 maxime
631 225 866 268 devinxerat,
908 225 1008 260 cuius
1041 225 1254 263 facilitatem
1285 231 1421 266 aemuli

58 288 237 323 austerior
265 300 366 322 mens
396 291 526 332 poetae
550 288 720 322 Thebani
753 289 1035 332 haudquaquam
1071 299 1243 332 aequasse
1266 291 1419 326 videtur.

58 350 125 384 Cui
147 350 292 394 quidem
324 349 569 395 ετῖθυγλώσσῳ
603 347 709 394 οἷνδρὶ
737 351 961 393 adulatores,
996 350 1192 394 pessimum
1216 364 1330 397 genus
1353 355 1421 387 ho-

60 411 209 453 minum,
232 411 384 445 mirifice
403 422 529 444 exosos
545 411 656 444 fuisse
673 412 833 446 carmina
851 414 895 445 ad
915 413 1110 446 Hieronem
1129 414 1262 457 scripta
1279 415 1421 449 abunde

60 471 283 506 confirmant.
330 471 446 517 Igitur
471 473 619 507 Thebas
644 474 811 516 revertit,
846 485 913 517 quo
947 475 1070 508 turbas
1094 474 1218 508 civiles
1249 475 1342 510 inter
1363 477 1422 512 Si-

59 533 165 567 ciliae
189 536 359 577 tyrannos
382 534 578 580 flagrantes
605 536 874 579 aulicorumque
898 536 1014 568 malas
1037 538 1131 568 artes
1156 536 1343 582 effugeret.

150 595 221 629 Per
245 607 388 630 omnem
422 596 534 630 vitam
560 597 734 630 Pindarus
770 596 959 629 universae
984 596 1162 629 Graeciae
1184 598 1422 633 admiratione

60 657 96 689 et
119 665 244 689 amore
267 656 400 697 floruit,
439 658 485 691 ob
510 658 682 701 pietatem
706 669 794 702 erga
819 658 915 698 deos,
942 657 1148 691 comitatem
1172 669 1262 703 erga
1286 671 1421 702 omnes,

60 715 303 762 integritatem
326 717 478 762 denique
503 723 537 752 et
559 719 828 763 simplicitatem
852 719 960 752 animi
983 719 1260 753 laudatissimus.
1306 721 1422 765 Atque

59 780 98 810 ut
121 781 326 811 nascentem
352 783 564 822 aspexerant
587 780 658 821 dii,
681 780 870 812 florentem
894 778 999 812 tutati
1023 784 1143 823 erant,
1167 781 1219 814 ita
1243 793 1287 815 ne
1311 783 1422 817 mori-

59 842 178 873 turum
220 838 365 882 quidem
399 841 632 885 dereliquisse
663 840 930 875 arbitrabantur
960 843 1112 874 veteres.
1168 843 1347 877 Pulchrae
1379 845 1423 878 de

59 905 176 935 morte
208 904 338 945 poetae
368 901 530 935 feruntur
552 903 794 940 narrationes,
830 912 919 945 quas
943 901 1102 935 breviter
1126 903 1422 949 perstringamus.

60 956 176 997 Testo'
202 962 392 997 Eustathio
427 961 484 996 29.
530 975 564 1007 p.
597 964 653 997 21.
697 964 848 1008 φέρεται
879 961 985 1006 λόγος
1022 963 1085 998 καὶ
1125 964 1296 1010 θεωρούς
1331 978 1422 1002 ποτε

60 1017 242 1064 &monac
265 1024 316 1065 εἰς
331 1021 517 1068 Ἄμμωνος
541 1025 691 1069 αἰτῆσαι
715 1024 890 1071 Πινδάρῳ
924 1022 987 1059 οἷα
1011 1025 1106 1070 φίλῳ
1129 1024 1171 1061 τὸ
1206 1025 1245 1061 ἐν
1268 1024 1423 1074 α’νθρώ-

60 1098 146 1126 ποις
169 1082 332 1132 ἅριστον,
356 1085 418 1120 καὶ
441 1087 576 1121 θανεῖν
602 1085 722 1123 αὐτὸν
745 1087 784 1122 ἐν
810 1086 935 1133 ἐκείνῳ
959 1087 1010 1133 τῷ
1036 1085 1204 1133 ἐνιαυτῷ.
1250 1090 1304 1123 Cf.
1326 1091 1422 1124 Vrat.

61 1159 96 1191 p.
128 1146 161 1181 9.
217 1147 416 1193 Subiungit
443 1149 653 1183 Eustathius
694 1149 829 1184 similia
866 1149 1061 1194 singularis
1101 1150 1249 1184 deorum
1286 1151 1425 1186 favoris

62 1210 230 1253 exempla
246 1209 496 1253 Trophonium
521 1214 556 1245 et
573 1212 810 1256 Agamedem,
835 1212 985 1245 Cleobin
1009 1215 1115 1253 atque
1132 1212 1307 1247 Bitonem.
1328 1214 1424 1247 Con-

63 1269 184 1303 cinunt
212 1270 281 1303 ista
311 1269 389 1304 fere
421 1284 503 1306 cum
538 1273 725 1307 Plutarchi
762 1272 965 1307 narratione
999 1273 1141 1306 Consol.
1182 1274 1227 1306 ad
1258 1275 1422 1317 Apollon.

62 1342 97 1375 p.
123 1329 202 1364 108.
227 1331 258 1364 D
283 1341 379 1375 seq.,
415 1344 458 1366 ex
491 1333 590 1366 cuius
615 1334 658 1367 de
690 1334 765 1368 vita
791 1335 938 1368 Pindari
968 1335 1225 1367 commentario
1260 1335 1352 1368 haec
1375 1336 1422 1369 ab

64 1393 273 1427 auctoribus
303 1393 487 1427 Eustathii
519 1393 713 1436 compilata
743 1400 833 1430 sunt.
897 1396 972 1430 Nisi
1005 1396 1099 1440 quod
1137 1407 1203 1439 pro
1233 1396 1423 1430 Ammonio

64 1455 204 1500 Libyae
228 1454 445 1498 Delphicum
478 1456 652 1498 templum
684 1457 801 1499 posuit
826 1458 1049 1491 Plutarchus.
1109 1458 1211 1501 Quae
1234 1457 1425 1491 diversitas

63 1502 211 1550 facilem
244 1516 464 1559 explicatum
494 1516 617 1550 habet.
683 1517 834 1561 Utrique
865 1519 960 1552 enim
993 1520 1060 1552 deo
1086 1523 1193 1562 poeta
1217 1520 1425 1553 coniunctus

63 1578 147 1612 fuit:
171 1577 338 1612 Ammoni
360 1577 440 1611 lovi
462 1577 638 1622 hymnum
661 1579 801 1613 misisse
824 1580 1009 1625 tetigimus
1031 1591 1151 1624 supra,
1176 1582 1219 1614 de
1242 1582 1424 1624 Delphico

64 1641 132 1674 deo
155 1639 439 1674 testimoniorum
472 1640 578 1683 copia
610 1640 776 1684 suppetit.
832 1642 912 1685 Ipso
937 1641 1141 1685 Trophonii
1171 1647 1207 1675 et
1230 1642 1424 1687 Agamedis

63 1702 211 1736 beatam
241 1705 374 1735 sortem
403 1701 632 1745 praedicarat
663 1702 698 1736 in
731 1703 858 1736 threno
889 1704 1030 1747 aliquo:
1068 1704 1144 1747 ipse
1181 1704 1425 1747 placidissima

63 1767 180 1798 morte
202 1763 395 1798 exstinctus
419 1763 488 1805 est,
519 1764 637 1806 credo,
661 1765 763 1798 brevi
788 1770 868 1809 post
891 1765 1055 1799 confecta
1079 1766 1115 1799 in
1137 1766 1261 1798 Iovem
1286 1766 1426 1810 Apolli-

64 1836 218 1869 nemque
241 1825 412 1859 carmina.
467 1826 563 1859 Hinc
586 1828 647 1860 vel
669 1827 798 1860 Ammo
824 1829 882 1861 vel
905 1828 1052 1871 Apollo,
1088 1827 1124 1860 in
1150 1827 1250 1860 cuius
1273 1828 1426 1861 solemni

64 1887 198 1932 Pythio
222 1886 338 1921 editus
365 1891 461 1931 erat,
487 1888 616 1921 dilecto
640 1888 716 1922 vati
738 1889 934 1933 gratificati
956 1889 1181 1922 videbantur.
1228 1889 1300 1922 Sed
1324 1889 1358 1921 in
1383 1900 1425 1922 eo

65 1948 175 1983 facile
207 1948 376 1983 variabat
406 1949 526 1993 opinio
550 1953 734 1992 veterum,
769 1951 862 1994 quod
888 1952 945 1984 vel
970 1951 1046 1993 ipse
1070 1951 1156 1982 deos
1179 1954 1345 1992 precatus
1370 1961 1426 1982 es-

66 2013 139 2053 set,
171 2013 211 2045 ut
241 2010 311 2044 sibi
342 2011 438 2054 quod
461 2010 601 2044 homini
627 2012 803 2054 optimum
828 2015 919 2044 esset
950 2012 1168 2052 tribuerent,
1203 2013 1263 2044 vel
1296 2011 1426 2053 timori,

68 2081 151 2106 cum
183 2071 396 2116 praesertim
437 2075 614 2105 constaret
655 2076 800 2116 poetam
843 2071 1010 2105 Ammoni
1050 2071 1190 2105 misisse
1235 2073 1425 2117 hymnum.

66 2132 127 2167 Sic
149 2132 297 2167 Suidas:
330 2132 475 2176 Συνέβη
500 2131 602 2178 αὐτῷ
634 2132 701 2168 τὸν
735 2134 818 2178 βίον
848 2133 1063 2177 τελευτῆσαι
1098 2132 1178 2168 κατ’
1203 2130 1330 2178 εὐχάς·
1367 2136 1425 2169 αι’-

65 2191 220 2239 τήσαντι
241 2193 311 2239 ’γὰρ
334 2192 376 2228 τὸ
400 2192 591 2229 κάλλιστον
616 2193 718 2240 αὐτῷ
741 2195 904 2237 δοθῆναι
929 2195 1004 2228 τῶν
1028 2193 1066 2230 ἐν
1090 2196 1142 2242 τῷ
1164 2196 1243 2241 βίῳ,
1281 2194 1428 2242 ἁθρόον

67 2251 184 2290 αὐτὸν
208 2251 420 2289 ἀποθανεῖν
444 2253 482 2289 ἐν
506 2253 655 2302 θεάτρῳ
680 2254 964 2299 οἷνακεκλιμένον
994 2257 1046 2296 εἰς
1070 2255 1117 2291 τὰ
1149 2259 1217 2292 τοῦ
1242 2256 1426 2303 ἐρωμένου

69 2315 190 2352 aufto&
214 2315 395 2358 Θεοξένου
420 2314 581 2360 γόνατα,
605 2317 641 2351 in
666 2329 773 2361 quem
806 2317 1096 2353 ardentissimum
1128 2319 1255 2353 cecinit
1276 2320 1427 2354 scolium

67 2378 116 2413 fr.
139 2378 174 2411 2.
221 2378 361 2412 Eadem
383 2377 544 2422 Hesych.
569 2379 688 2413 Miles.
714 2391 748 2423 p.
776 2378 829 2412 44.
856 2379 980 2413 Orelli.
1034 2379 1137 2414 Licet
1167 2381 1277 2426 igitur
1301 2394 1427 2416 narra-

68 2439 183 2474 tiones
199 2439 243 2474 de
267 2439 368 2474 obitu
385 2442 513 2483 poetae
537 2451 580 2473 ex
597 2440 818 2475 carminibus
839 2442 1031 2475 translatae
1046 2441 1083 2475 in
1105 2442 1223 2486 ipsum
1238 2443 1318 2484 sint,
1341 2443 1429 2478 satis

70 2504 190 2535 tamen
212 2500 251 2535 id
273 2500 393 2544 ipsum
418 2499 547 2544 aperit,
571 2512 678 2545 quam
700 2502 901 2537 honorifice
929 2503 973 2537 de
995 2503 1231 2549 integerrimo
1255 2509 1339 2540 vate
1362 2516 1427 2539 suo

73 2562 245 2596 senserint
267 2562 472 2606 populares.

162 2622 241 2657 Non
272 2625 326 2657 est
366 2623 668 2666 praetereundum
705 2623 816 2659 etiam
851 2625 962 2661 aliam
1003 2626 1182 2671 quandam
1215 2627 1354 2661 famam
1384 2627 1429 2661 de

73 2681 237 2727 proximo
268 2685 350 2718 ante
380 2686 532 2720 mortem
565 2688 693 2729 poetae
724 2688 887 2731 tempore
910 2687 1009 2722 ferri.
1062 2688 1202 2724 Dicitur
1223 2689 1318 2724 enim
1340 2689 1432 2724 Pro-
