1794 2982
564 127 1020 171 ΠΛΙΑΝΕΣ.
1376 133 1468 173 277

226 456 299 504 ’Ev
331 459 510 519 ἔργμασι
544 459 591 505 δὲ
625 463 724 523 νικᾷ
758 458 884 520 τύχα,

224 523 286 572 οὐ
319 526 495 583 σθένος.

730 729 816 772 lll.

520 810 571 852 11
603 811 640 853 A
678 812 700 853 Ι
732 813 770 854 Α
805 811 854 854 Ν
888 813 929 855 Ε
966 814 1018 856 Σ

663 908 698 946 1.
756 907 858 958 (24.)

234 991 248 1012 r
457 990 471 1012 t
575 983 584 990 '
625 991 650 1015 x
725 992 738 1013 s
905 993 918 1014 t

222 1014 1142 1038 —uv—Q—UU——u-uv—-wv-v—

218 1063 521 1126 Ἀμφιπόλοισι
553 1065 830 1127 μαρνάμενον
858 1072 1036 1127 μοιριιῖν
1063 1069 1160 1131 περὶ
1184 1073 1312 1130 τιμᾶν
1333 1069 1447 1116 ἄπο-

756 1135 952 1181 λωλέναι.

245 1197 306 1230 De
341 1196 648 1241 Neoptolemo
679 1198 882 1244 Delphis
916 1201 1091 1235 occiso.

663 1299 701 1339 2.
758 1302 860 1352 (25.)

351 1523 572 1583 Χρύσειαι
606 1523 645 1571 (δ’
679 1523 725 1581 ἐξ
752 1524 962 1592 νπερῶου

219 1589 368 1638 ἄειδον
403 1591 676 1654 Κηληὸόιες.

264 1657 328 1690 De
368 1657 604 1701 Delphico
636 1658 818 1701 templo.

171 1756 233 1790 Fr.
256 1755 312 1790 12.
359 1757 548 1790 Aristides
556 1759 601 1791 11.
635 1770 669 1802 p.
693 1757 772 1791 256.
807 1758 904 1801 (335.
931 1759 1072 1801 Dind.:)
1107 1758 1216 1794 Πάνυ
1251 1757 1327 1802 μετ’
1333 1758 1444 1815 ἅλη-

81 1802 190 1840 θείας
215 1803 328 1836 τοῦτο
355 1803 542 1856 Πίνδαρος
566 1800 742 1845 ν’μνησεν·
779 1802 847 1837 Ἐν
872 1807 943 1838 κτλ.
982 1805 1105 1838 xariat
1128 1805 1306 1848 scriptura
1331 1803 1443 1847 ἕρμα-

83 1858 139 1890 σι,
164 1845 323 1892 ἅρμασι,
348 1843 496 1893 αόματι.
544 1849 648 1891 Quod
672 1849 914 1882 Schneiderus
941 1861 983 1882 ex
1007 1850 1129 1883 Photii
1158 1851 1253 1883 Bibl.
1279 1862 1313 1893 p
1341 1850 1442 1884 1304.

81 1873 242 1926 Hoesoh.
274 1880 427 1927 restituit
450 1891 618 1938 ἔργμασι,
656 1905 747 1926 nunc
773 1895 923 1927 offerunt
948 1893 1091 1927 codices
1122 1895 1258 1937 aliquot
1281 1895 1446 1928 Aristidis

82 1941 118 1972 et
148 1938 240 1972 h.1.
275 1939 384 1971 etll.
418 1950 451 1982 p.
484 1937 563 1971 361.
596 1938 699 1971 Dind.
773 1940 941 1971 Ceterum
978 1939 1023 1971 ad
1059 1940 1156 1972 hunc
1190 1941 1368 1982 hymnum
1407 1941 1443 1973 in

83 1981 209 2025 Τυχην
233 1983 412 2028 Bergkius
434 1984 634 2026 suspicatur
657 1983 836 2026 pertinere
871 1995 935 2025 ea,
967 1995 1060 2026 quae
1092 1985 1167 2017 sine
1200 1984 1296 2017 nomi
1300 1995 1343 2018 ne
1379 1995 1443 2018 au-

82 2027 190 2060 ctoris
221 2032 359 2060 exstant
394 2029 489 2070 apud
523 2029 719 2061 stobaeum
756 2029 910 2072 Eclogg.
951 2029 1059 2072 Phjs.
1099 2029 1278 2069 T.1,1.
1314 2042 1349 2073 p
1377 2029 1443 2062 172

81 2083 180 2116 seq,
205 2083 298 2115 quae
322 2074 394 2106 iam
425 2074 627 2106 Heerenius
662 2085 727 2106 nec
753 2074 936 2116 Sophocle
970 2085 1034 2106 nec
1059 2073 1260 2107 Pindaro
1293 2075 1443 2120 indigna

83 2118 264 2151 censebat.

170 2173 234 2207 111.
262 2174 493 2207 ΠΑΙΑΝΕΣ.
540 2173 599 2206 Fr.
625 2173 658 2205 l.
707 2173 843 2206 Scholl.
870 2173 970 2207 Nem.
996 2175 1070 2217 311,
1094 2174 1157 2208 94.
1185 2174 1232 2210 Oi
1252 2175 1443 2219 Αἰγινῆται

81 2215 241 2276 η’τιῶντο
274 2217 340 2253 τὸν
375 2219 583 2262 Πινδαοον,
611 2216 669 2252 ὅτι
702 2220 857 2262 γράφων
881 2222 1043 2258 Δελφοῖς
1075 2220 1140 2254 τὸν
1165 2221 1318 2254 Παιᾶνα
1350 2220 1440 2264 ἔφη·

81 2255 410 2308 Λμφιπόλοισι
435 2267 508 2297 κτλ.
533 2263 598 2296 τὸν
624 2263 897 2305 Νεοπτόλεμον.
946 2265 1153 2298 Genitivum
1186 2279 1336 2310 μοιριαν
1359 2279 1444 2310 περι

81 2310 193 2353 τιμᾶν
229 2309 433 2342 Boeckhius
466 2308 588 2342 elicuit
620 2320 663 2341 ex
696 2308 987 2352 interpretatione
1019 2311 1258 2344 Scholiastae.
1326 2312 1442 2356 Vulgo

82 2355 313 2420 accusativous
334 2355 536 2399 legebatur.
582 2353 763 2406 Bergkius
786 2355 973 2395 μοιριδιᾶν
998 2360 1182 2398 praestare
1208 2361 1320 2400 putat.

172 2399 233 2433 Fr.
258 2398 291 2432 2.
338 2381 539 2433 Pausanias
563 2400 604 2437 X,
630 2398 663 2437 5,
687 2397 719 2431 5
754 2399 797 2432 de
821 2399 926 2433 tertio
949 2401 1127 2444 Delphico
1159 2404 1316 2457 templo,
1349 2402 1442 2454 quod

81 2446 262 2479 aheneum
295 2444 407 2478 fuisse
437 2456 506 2477 non
530 2444 741 2477 incredibile
764 2444 881 2477 visum
914 2445 1002 2488 ipsi:
1038 2446 1085 2479 τὰ
1109 2446 1234 2495 μέντοι
1259 2445 1349 2481 ἄλλα
1374 2444 1443 2480 οὐκ

82 2490 232 2526 ἔπειθεν
263 2502 283 2524 o
317 2489 423 2533 λόγος
461 2487 486 2531 ἢ
517 2488 721 2544 Ἱ-Ιφοιίστου
754 2488 820 2523 τὸν
849 2490 942 2523 ναὸν
979 2489 1108 2546 τέχνην
1142 2490 1237 2526 εἶναι
1268 2489 1292 2535 ἢ
1325 2489 1372 2525 τὰ
1406 2488 1442 2531 ἐς

82 2534 151 2574 τὰς
174 2533 293 2581 ᾠδοὺς
315 2535 383 2575 τὰς
405 2535 559 2590 χρυσᾶς,
595 2531 619 2568 ὁὶ
644 2534 689 2578 δὴ
720 2536 905 2590 Πίνδαρος
929 2529 1016 2579 ἧσεν
1039 2534 1093 2570 ἐπ’
1119 2535 1245 2582 ἐκείνῳ
1268 2537 1318 2582 τῷ
1342 2537 1440 2581 ναῷ·

83 2579 317 2635 Χρυσειαι
347 2583 422 2615 κτλ.
458 2593 569 2620 ουτος
599 2579 666 2624 μὲν
698 2578 745 2622 δὴ
770 2582 890 2615 ταῦτα
923 2571 959 2620 ἒς
989 2583 1160 2624 μίμησιν,
1193 2572 1274 2625 ἐμοὶ
1305 2583 1443 2624 δοκεῖν,

82 2627 158 2660 τῶν
181 2623 267 2671 παρ’
296 2624 443 2671 Ὁμήρῳ
475 2624 667 2671 Σειρήιων
693 2625 874 2670 ἐποίησεν.
934 2627 1117 2662 Eustathii
1140 2627 1382 2663 testimonium
1407 2639 1442 2671 p.

82 2670 140 2715 89,
162 2669 219 2706 26
238 2671 348 2709 attuli
371 2675 452 2717 post
472 2673 639 2708 Prooem.
663 2672 905 2708 Commentar.
931 2685 966 2717 p.
991 2672 1047 2706 29.
