1794 2982
284 86 363 128 142
686 86 1145 128 ΠΥΘΙΟΝΙΚΛΙ
1184 83 1242 131 Z'.

352 197 382 240 5
419 192 508 240 ἐπεὶ
540 193 638 240 τίνα
671 192 867 254 πάτραν,
900 197 997 243 τίνα
1032 191 1157 243 οἷκον
1623 206 1644 238 5

414 264 538 306 λαῶν
573 258 852 322 ὀνυμάξομαι

415 327 756 389 ἐπιφανέστερον

411 393 593 441 Ἑλλάδι
626 394 886 449 πυθέσθαι,-

417 492 604 541 πάσαισι
637 492 720 557 γὰρ
755 496 927 542 πολίεσι
961 493 1093 558 λόγος
1127 494 1269 556 ὁμιλεῖ
1538 494 1643 543 'Ama

319 565 380 609 10
414 559 645 622 Ἐρεχθέος
680 561 840 622 (ἔστι-ὄν,
865 561 1104 622 Ἄπολλον,
1140 565 1182 610 οἳ
1216 564 1315 611 τεόν
1348 581 1394 626 γε
1427 561 1566 625 δόμον
1604 574 1644 607 10

417 631 619 676 Πυθῶνι
654 630 726 694 δίᾳ

413 694 588 759 θαητὸν
623 695 811 753 ἔτευξαν.

415 761 565 825 ἄγοντι
599 764 648 811 δέ
681 783 731 826 με
764 763 889 811 πέντε
923 765 1002 825 μὲν
1035 763 1206 826 Ἰσθμοῖ

415 837 556 889 νῖκαι,
591 832 668 892 μιά
704 830 742 879 δ’
774 831 992 896 ἐκπρεπὴς

318 904 378 947 15
417 896 527 957 Διὸς
559 897 819 960 Ὀλυμπιάς,

415 965 501 1013 δύο
535 965 576 1013 δ’
610 965 698 1014 ἀπὸ
734 964 922 1028 Κίῤῥας,

411 1057 446 1112 ὦ
482 1066 754 1128 Μεγάκλεες,
788 1065 904 1128 ὑμαί
934 1085 978 1114 τε
1012 1069 1087 1114 καὶ
1122 1066 1366 1129 προγόνων.
1470 1065 1563 1114 'Eua
1604 1076 1644 1109 15

414 1132 492 1197 νέᾳ
526 1133 564 1179 δ’
599 1133 815 1199 εὐπραγίᾳ
849 1134 984 1196 χαίρω
1018 1152 1082 1180 τι·
1117 1134 1168 1181 τὸ
1203 1134 1242 1181 δ’
1276 1133 1483 1196 ἄχνυμαι,

413 1199 597 1262 φθόνον
632 1200 921 1263 ἀμειβόμενον
955 1200 1009 1249 τὰ
1042 1201 1156 1248 καλὰ
1190 1202 1304 1264 ἔργα.

314 1271 378 1316 20
414 1269 551 1329 φαντί.
582 1288 628 1332 γε
663 1268 750 1331 μὰν
784 1267 903 1316 οὕτω
936 1288 1013 1317 κεν
1048 1268 1177 1332 ἀνδρὶ
1210 1268 1489 1332 παρμονίμαν
1599 1277 1644 1309 20

411 1335 662 1384 θάλλοισαν
696 1336 988 1398 εὐδαιμονίαν

414 1402 469 1450 τὰ
502 1406 576 1451 καὶ
610 1403 664 1451 τὰ
698 1405 930 1468 φέρεσθαι.

324 1514 356 1535 x.
383 1503 416 1536 5.
442 1503 526 1537 τίνα
549 1500 584 1537 τ’
608 1501 769 1538 οἶκον-
793 1516 826 1537 v.
853 1505 884 1538 6.
910 1501 1050 1539 ναίον-ε
1063 1525 1106 1529 -
1133 1517 1163 1538 v.
1194 1507 1245 1539 10.
1270 1501 1461 1543 Ἀπόλλων,
1473 1520 1519 1527 -
1542 1513 1574 1534 v·
1592 1501 1644 1533 15·

278 1546 492 1591 Ὀλυμπίας,
527 1569 571 1573 -
606 1561 638 1583 v.
667 1550 718 1582 18.
741 1550 855 1595 χαίοω
881 1550 1002 1585 τι·τὸ
1028 1547 1061 1586 δ’
1086 1549 1265 1596 ἄχνυμαι,
1298 1558 1334 1584 et
1364 1556 1532 1595 punctum
1562 1552 1645 1590 post

279 1592 366 1639 ἔργα
390 1606 422 1628 v.
450 1596 501 1628 19.
527 1613 568 1619 --
595 1606 626 1627 v.
651 1596 707 1628 20.
731 1594 807 1639 πὰρ
832 1598 993 1640 μονίμαν

370 1690 406 1712 v,
425 1677 458 1711 5.
476 1677 509 1710 6.
546 1677 644 1722 [τίνα
668 1676 771 1712 οἷκον
787 1678 993 1713 Boeckhius
1019 1692 1060 1713 ex
1078 1681 1250 1714 lemmate
1267 1679 1511 1719 scholiorum,
1535 1686 1645 1730 quum

278 1723 316 1757 id
340 1723 562 1757 vocabulum
580 1724 725 1772 (vicus)
760 1724 948 1780 digamma
982 1727 1127 1759 habeat.
1173 1725 1275 1758 Libri
1306 1725 1407 1758 varie
1432 1725 1515 1757 τίνα
1540 1719 1571 1766 γ’
1591 1725 1643 1754 οἰ-

278 1781 366 1809 κον,
391 1770 475 1803 τίνα
500 1767 531 1803 τ’
556 1773 678 1811 οἰκον,
710 1770 794 1803 τίνα
818 1768 850 1804 δ’
876 1774 999 1812 οἰκον,
1032 1772 1127 1814 quod
1151 1771 1332 1814 Bergkius
1356 1770 1464 1804 dedit.
1513 1767 1644 1802 Statim

278 1814 361 1848 libri
385 1815 521 1855 ναίων
556 1815 591 1848 in
616 1826 686 1858 quo
710 1816 771 1848 xel
795 1816 1006 1859 explicando
1031 1818 1090 1850 vel
1114 1817 1337 1850 emendando
1362 1815 1453 1848 mire
1476 1814 1645 1848 laborant

277 1860 517 1893 Scholiastae.
566 1861 620 1893 Ad
645 1860 822 1894 Schmidii
846 1862 1087 1895 coniecturam
1111 1858 1248 1895 ναίοντ’
1280 1861 1355 1894 iam
1375 1865 1518 1894 veteres
1542 1859 1643 1892 dela-

276 1916 361 1949 psos
386 1917 463 1940 esse
487 1905 695 1950 significant
710 1906 870 1940 Scholia.
907 1908 948 1940 Id
971 1907 1089 1956 ipsum
1112 1908 1189 1941 sive
1217 1918 1300 1940 cum
1313 1905 1500 1939 Boeckhio
1524 1905 1571 1937 ad
1587 1903 1644 1937 vi-

277 1955 431 1993 ctorem,
458 1951 534 1984 sive
560 1963 641 1984 cum
665 1952 873 1985 Hermanno
900 1954 945 1986 ad
977 1957 1079 1987 οἰκον
1103 1953 1299 1994 rettuleriS‚
1329 1950 1644 2007 languidissimum

276 2000 329 2029 est
354 2008 467 2040 neque
491 1997 689 2030 Homerico
710 1997 773 2031 illo
790 1998 997 2039 11.B‚626:
1023 1997 1158 2042 νήσων,
1184 1997 1225 2032 αἳ
1241 1999 1388 2031 ναίουσι
1392 1979 1522 2050 ζ’πέρην
1542 1993 1642 2037 αλός,

276 2041 362 2074 satis
387 2042 552 2075 excusari
570 2046 697 2086 potest.
739 2043 926 2087 Rescripsi
944 2056 988 2078 ex
1009 2046 1183 2085 ΝΑῙῼΝ,
1209 2043 1303 2087 quod
1321 2042 1536 2077 facillimum
1553 2045 1642 2082 erat,

275 2089 423 2176 {maij
457 2088 531 2121 Nec
554 2088 708 2121 θνατῶν
731 2089 840 2134 longe
865 2090 952 2124 abit.
989 2090 1227 2125 Thierschius
1251 2090 1380 2123 κλείων
1405 2087 1641 2122 coniectabat.

365 2189 400 2210 v.
420 2176 476 2210 10.
514 2178 646 2223 [Vulgo
672 2177 709 2213 οἰ
733 2178 817 2213 τεόν
841 2191 880 2214 τε
904 2179 1032 2225 δόμον.
1068 2180 1205 2225 Optimi
1229 2178 1268 2215 οἳ
1283 2177 1369 2214 τεὸν
1386 2176 1515 2222 δόμον.
1552 2178 1641 2212 Cor-

274 2227 441 2256 rexerunt
466 2223 698 2257 Oxonienses.
747 2225 868 2269 SCH.]

367 2280 402 2301 v.
428 2266 482 2300 15-
532 2266 750 2312 [Ὀλυμπιάς
774 2271 877 2314 (coll.
894 2272 1033 2305 Herod.
1051 2272 1109 2314 VI,
1131 2270 1195 2304 70·
1221 2269 1296 2306 Καὶ
1320 2266 1554 2314 Ὀλυμπιάδα
1574 2277 1641 2309 σφι

274 2310 494 2357 ἀνελόμενος
521 2316 715 2361 τεθρίππῳ
740 2315 959 2361 προςέβαλε)
992 2317 1224 2352 restituerunt
1252 2318 1377 2361 plures
1408 2327 1451 2350 ex
1481 2312 1640 2358 ingenio,

275 2370 319 2393 cx
343 2359 426 2392 Par.
449 2359 477 2390 Β
503 2350 720 2394 Boeckhius.
768 2362 889 2406 SCH.]

365 2416 400 2437 v.
425 2403 480 2438 18.
530 2404 769 2462 [ΒοεοΙιΙιίιιε”
780 2419 864 2440 cum
888 2408 1026 2451 aliquot
1048 2407 1150 2441 libris
1173 2407 1225 2441 sic
1242 2404 1418 2440 distinxit.
1443 2403 1570 2449 χαιᾞρω
1603 2403 1641 2438 τί

273 2445 354 2484 τόδ’
378 2462 540 2494 αχνυμαι
563 2469 606 2474 -
635 2451 728 2486 καλὰ
751 2451 858 2494 ἔργα,·
894 2453 1028 2486 Confer
1052 2453 1289 2496 Exp11.h.1.
1323 2455 1360 2485 et
1389 2451 1639 2485 Hermannum

273 2495 425 2540 opuscc.
443 2497 519 2529 111.
545 2508 580 2540 p.
602 2495 680 2530 155.
729 2498 850 2542 SCH.]

365 2553 400 2575 v.
424 2539 480 2574 20.
530 2540 621 2595 [πὰρ
646 2544 808 2585 μονίμαν
831 2545 1021 2588 vulgatum
1049 2554 1130 2576 cum
1146 2544 1353 2577 Hermanno
1370 2553 1413 2576 ex
1437 2540 1637 2585 3119110111-

273 2586 347 2621 bris
372 2591 407 2622 et
431 2586 589 2622 scholiis
613 2589 842 2623 emendatum
867 2594 932 2623 est.
973 2589 1102 2633 SCH.]
