1751 2986
270 177 352 204 xml

267 270 334 304 bus
357 272 436 303 tum
458 268 615 313 primum
637 268 756 302 factis.
782 266 905 309 Neque
930 266 1025 300 enim
1047 267 1179 311 ubique
1203 266 1380 311 expressis
1393 267 1515 301 verbis
1531 279 1631 311 opus.

268 331 359 366 Aliis
380 332 418 365 in
441 330 529 364 locis
553 342 622 362 non
646 330 725 373 ipsa
748 340 806 361 res
830 327 1029 368 nuntiatur,
1055 330 1117 362 sed
1141 333 1262 362 tamen
1286 329 1512 373 significatur
1535 329 1632 363 futu-

268 405 349 426 rum
373 391 507 435 aliquid
539 391 686 435 cognitu
716 390 810 433 quod
834 390 983 434 dignum
1007 394 1042 423 et
1064 390 1314 424 memorabile.
1362 389 1423 423 Sic
1446 390 1573 422 Isthm.
1592 391 1633 424 V.

267 466 378 498 quum
402 453 546 486 ordiens
575 451 739 485 fabulam
773 452 818 484 de
841 451 951 484 Aiace
975 452 1170 486 Herculem
1195 452 1280 485 dicit
1302 451 1538 484 invitaturum
1560 452 1635 486 Te-

267 518 451 550 lamonem
476 520 666 547 coenantes
689 514 783 547 forte
806 513 985 546 invenisse
1008 514 1150 554 heroes,
1176 515 1246 546 hoc
1269 513 1357 558 agit,
1381 516 1419 546 ut
1445 516 1632 556 exspecta-

267 577 403 610 tionem
426 580 581 609 moveat.
612 576 705 619 Quid
727 576 839 620 igitur
863 587 955 608 nunc
978 574 1053 616 fiet,
1079 576 1164 619 quid
1180 577 1275 609 dicet
1290 572 1496 609 Hercules?
1519 585 1631 617 quae-

268 639 392 679 rimus,
417 649 525 681 quum
547 637 658 671 moris
682 642 775 670 esset
798 637 894 680 apud
915 637 1087 677 Graecos,
1111 641 1162 677 ut,
1185 636 1215 669 si
1239 637 1318 679 quis
1337 635 1503 669 convivio
1523 636 1635 669 inter-

268 700 419 742 veniret,
444 701 574 743 poculo
598 699 824 742 exciperetur
849 704 883 731 et
908 709 1032 741 preces
1057 698 1205 730 faceret.
1246 698 1433 731 Postremo
1460 697 1572 730 etiam
1588 697 1635 731 il-

268 762 330 795 lud
353 761 568 794 indirectum
592 760 820 794 nuntiationis
845 771 960 803 genus
985 760 1183 803 praeterire
1206 771 1274 792 non
1300 760 1427 801 debeo,
1452 759 1547 802 quod
1571 770 1634 802 op-

268 823 446 867 positione
471 822 670 866 praemissa
693 822 746 863 fit,
771 822 801 854 si
825 821 970 864 quidem
993 824 1103 856 etiam
1124 821 1298 865 oppositio
1323 825 1388 862 est,
1412 821 1474 854 ubi
1499 824 1635 854 certam

268 885 495 928 sequentium
528 884 831 928 exspectationem
860 890 1017 918 moveat.
1067 885 1182 927 Quale
1215 885 1421 926 exemplum
1451 883 1559 927 Pyth.
1577 882 1635 922 IV,

268 946 314 980 88
337 959 435 990 seqq.
470 951 597 980 exstat.
653 946 708 979 lbi
744 957 853 989 quum
889 946 924 978 in
957 945 1196 987 descriptione
1229 950 1387 977 staturae
1424 944 1636 986 praeclarae

268 1008 407 1042 Iasonis
429 1009 514 1041 data
538 1018 649 1051 opera
672 1011 827 1040 tractata
853 1010 1048 1050 postremo,
1081 1010 1273 1049 antequam
1296 1016 1415 1038 mores
1438 1004 1509 1038 riri
1534 1005 1637 1038 nobis

270 1070 316 1103 ob
343 1071 466 1103 oculos
488 1074 610 1114 ponat,
635 1071 679 1103 de
698 1069 835 1103 Aloidis
861 1074 896 1101 et
910 1066 1148 1112 Tityordicass
1173 1066 1332 1109 corporis
1351 1066 1636 1111 magnitudinem

268 1132 449 1175 roburque
474 1143 558 1165 cum
581 1131 769 1165 insolentia
795 1135 830 1164 et
845 1130 959 1173 impia
977 1133 1095 1162 mente
1112 1128 1172 1171 qui
1187 1128 1382 1162 habuerint
1399 1128 1637 1170 coniunctum,

269 1192 349 1235 quis
387 1203 457 1225 non
497 1193 604 1226 sentit
643 1193 857 1236 praeparari
888 1192 1070 1235 sequentia
1110 1195 1145 1223 et
1183 1190 1275 1223 alios
1308 1189 1464 1222 nuntiari
1498 1189 1637 1222 Iasonis

269 1255 418 1287 mores⁴.z
466 1255 539 1287 Sed
564 1255 609 1287 de
634 1255 873 1294 nuntiatione,
906 1264 1015 1297 quam
1046 1252 1192 1296 proprie
1216 1252 1336 1285 dicam
1367 1252 1404 1284 in
1435 1252 1493 1284 his
1515 1252 1636 1293 rebus,

269 1316 357 1349 satis
381 1316 592 1359 expositum.
616 1334 662 1341 —-
692 1317 813 1360 Pergo
847 1316 892 1348 ad
925 1315 1025 1348 aliud
1055 1325 1169 1359 genus
1194 1313 1502 1357 praeparationis,
1543 1313 1637 1356 quod

271 1389 351 1421 per
375 1376 655 1420 positionem
678 1377 802 1410 facti
827 1381 906 1409 aut
929 1375 1199 1409 sententiae
1224 1375 1299 1416 fit,
1335 1374 1472 1408 cuius
1497 1385 1637 1408 causa

269 1440 347 1472 vel
370 1437 495 1471 ratio
520 1438 672 1481 reddi,
697 1438 832 1471 cuius
856 1437 1118 1481 explicatio
1141 1436 1320 1469 subiici
1344 1437 1525 1470 debeat.
1562 1437 1637 1469 Ex-

271 1500 402 1534 citatur
432 1499 526 1533 enim
551 1500 660 1532 etiam
695 1500 746 1532 sic
771 1499 1012 1541 exspectatio,
1046 1501 1081 1530 et
1104 1497 1359 1539 praevidemus
1393 1501 1637 1540 sequuturum,

270 1563 368 1606 quod
390 1562 525 1594 nodum
549 1563 678 1594 solvat.
723 1561 839 1602 Atque
862 1560 934 1592 hoc
954 1557 1150 1591 artificium
1169 1558 1327 1591 maxime
1348 1559 1502 1603 lyricum
1527 1563 1581 1592 est
1603 1562 1639 1592 et

272 1635 295 1658 a
317 1623 473 1657 Pindaro
498 1622 632 1657 eximia
655 1633 738 1654 cum
761 1621 799 1654 vi
822 1620 945 1653 multis
967 1620 1056 1653 locis
1080 1619 1294 1653 adhibitum.
1354 1621 1516 1653 Primum
1542 1620 1637 1654 enim

270 1686 380 1719 huius
404 1686 476 1719 loci
498 1689 579 1718 sunt
601 1685 765 1718 themata
789 1687 823 1716 et
847 1682 938 1716 tituli
961 1681 1169 1714 fabularum
1192 1682 1229 1714 in
1248 1681 1364 1714 fronte
1388 1682 1473 1715 lecti
1496 1682 1533 1723 ii,
1558 1682 1638 1725 qui-

271 1749 340 1781 bus
371 1747 546 1781 sententia
579 1751 642 1781 aut
664 1746 801 1779 factum
827 1745 970 1788 ponitur
1000 1744 1081 1786 ipsa
1106 1743 1311 1776 narratione
1341 1743 1490 1776 fabulae
1523 1743 1638 1787 expli-

273 1809 446 1848 candum,
479 1808 523 1841 de
556 1819 626 1851 qua
650 1819 690 1841 re
714 1818 823 1850 supra
855 1806 940 1839 satis
975 1806 1119 1838 dictum.
1173 1805 1310 1838 Deinde
1343 1816 1430 1837 vero
1466 1804 1578 1838 etiam
1600 1805 1637 1838 in

270 1870 360 1914 ipsis
381 1869 646 1903 narrationibus
669 1880 778 1913 saepe
802 1868 963 1912 reperias
986 1867 1084 1900 idem
1107 1878 1231 1911 genuS.
1279 1866 1339 1899 Sic
1364 1867 1422 1900 01.
1442 1867 1505 1907 lx,
1525 1865 1582 1899 53.
1601 1867 1637 1900 in

271 1931 393 1965 media
426 1931 553 1963 fabula
576 1930 754 1973 Opuntios
786 1941 892 1973 reges
926 1929 1012 1962 dicit
1044 1939 1067 1961 a
1090 1927 1254 1961 Cronidis
1288 1930 1323 1961 et
1351 1928 1498 1961 filiabus
1522 1928 1636 1971 Iapeti

271 2005 363 2034 esse,
387 1992 483 2035 quod
504 1992 608 2034 quasi
631 2003 695 2034 pro
711 1992 916 2035 aenigmate
934 1990 1088 2034 positum
1106 1982 1256 2032 sequens
1271 1989 1439 2033 periodus
1457 1989 1638 2033 explicare

273 2054 382 2088 debet
395 2058 430 2087 et
447 2053 615 2096 explicat,
629 2053 933 2096 quemadmodum
951 2052 1087 2086 ostendi
1104 2051 1138 2084 in
1149 2052 1427 2085 Commentario.
1438 2071 1481 2076 -—
1494 2051 1550 2084 Ol.
1561 2052 1638 2092 VII,

271 2115 328 2149 24.
343 2116 588 2158 aTlepolemo
605 2114 831 2159 Licymnium
853 2125 998 2147 caesum
1012 2118 1220 2146 narraturus
1239 2112 1396 2156 primum
1412 2112 1456 2146 de
1472 2113 1639 2146 imbecil-

271 2177 374 2211 litate
397 2177 558 2209 humana
582 2177 763 2209 erroribus
788 2176 941 2210 obnoxia
965 2175 1063 2215 dicit,
1091 2179 1168 2207 tum
1191 2174 1309 2217 ipsam
1331 2186 1409 2207 rem
1433 2186 1498 2217 pro
1523 2174 1639 2218 expli-

273 2239 414 2278 catione
438 2236 593 2278 subiicit,
618 2236 651 2269 in
679 2237 753 2270 fine
777 2238 823 2270 ad
846 2237 986 2271 initium
1010 2237 1111 2269 redit.
1167 2235 1341 2269 Similiter
1363 2236 1499 2269 ibidem
1523 2248 1557 2269 v.
1579 2235 1637 2268 45.

272 2302 310 2335 ln
333 2299 537 2333 narratione
560 2300 604 2332 de
627 2299 793 2332 Heliadis
818 2299 975 2342 primum
999 2298 1128 2331 iterum
1153 2298 1197 2330 de
1221 2297 1402 2330 erroribus
1430 2297 1550 2330 dicens
1574 2308 1637 2330 ex-

273 2361 530 2407 spectationem
559 2366 702 2403 movet,
732 2365 807 2395 tum
833 2361 919 2403 quid
953 2358 1126 2393 acciderit
1154 2358 1198 2391 iis
1221 2357 1378 2390 subiicit.
1432 2357 1554 2391 Etiam
1578 2358 1636 2391 ΟΙ-

273 2425 372 2466 xm,
395 2423 451 2457 83.
475 2423 628 2456 infertur
651 2423 826 2456 sententia
851 2423 894 2455 de
918 2422 1066 2454 deorum
1090 2419 1127 2452 vi
1147 2418 1266 2451 omnia
1290 2418 1516 2462 perficiente,
1542 2420 1636 2454 unde

273 2497 366 2520 nexa
387 2495 452 2529 pro
485 2484 724 2528 explicatione
753 2484 986 2518 subiiciantur
1016 2480 1201 2524 sequentia
1231 2480 1342 2513 facta.
1374 2501 1412 2506 -
1442 2480 1545 2514 Nem.
1571 2481 1636 2523 lx,

272 2547 329 2580 11.
355 2547 400 2580 de
422 2546 574 2580 Adrasto
598 2545 667 2579 ait:
702 2546 774 2589 Qui
796 2546 954 2589 Sicyone
988 2554 1143 2589 regnans
1177 2542 1305 2575 urbem
1342 2542 1443 2576 festis
1475 2546 1511 2576 et
1541 2543 1637 2576 ludis

274 2609 437 2651 ornabat,
461 2607 606 2654 fugerat
624 2608 719 2642 enim
743 2619 786 2641 ex
801 2607 910 2653 Argis
933 2607 1030 2640 bello
1050 2604 1215 2639 intestino
1233 2605 1378 2648 pulsus3
1401 2604 1436 2638 in
1456 2615 1523 2648 quo
1541 2605 1636 2648 quod

275 2671 411 2707 factum
441 2671 478 2705 in
501 2670 621 2715 primo
641 2671 721 2704 loco
747 2668 848 2713 ponit
878 2668 914 2702 iu
939 2669 1053 2703 altero
1086 2667 1242 2712 explicat
1264 2677 1432 2710 narrans,
1455 2667 1634 2710 quomodo
