1751 2986
1413 192 1480 221 xm

118 288 205 334 quid
228 287 411 323 desideras
432 286 619 332 amplius?
650 287 764 330 Atque
788 286 838 320 ita
855 295 965 329 saepe
983 284 1020 319 in
1045 284 1310 320 narrationibus
1328 286 1481 330 scripto-

117 361 200 384 rum
224 349 304 394 ipsa
326 350 491 384 tractatio
514 351 681 394 supplere
707 349 813 381 debet
837 347 929 391 quod
955 348 1079 381 thema
1106 347 1140 380 in
1164 347 1300 381 incerto
1325 348 1480 392 reliquit,

117 423 229 456 quum
251 422 321 445 non
338 411 473 455 ubique
490 412 595 454 plane
615 409 762 443 definita
780 410 944 443 themata
962 420 1094 452 ponere
1112 409 1233 443 liceat.
1273 409 1378 453 Apud
1396 410 1481 443 Pin-

117 473 247 507 darum
274 483 382 514 vero,
412 475 452 505 ut
474 472 649 513 vidimus,
684 473 896 514 plerumque
929 470 1017 504 satis
1049 470 1238 514 perspicue
1270 471 1483 514 praefinitur

117 533 276 568 ambitus
307 544 447 575 rerum,
478 544 587 576 scopo
619 532 776 565 indicato
809 536 844 565 et
873 531 969 565 exitu
1003 531 1152 565 fabulae
1182 531 1218 564 in
1243 531 1378 575 fronte,
1411 544 1482 576 quo

115 595 234 629 redire
259 596 390 629 debeat
414 594 528 628 oratio
553 593 590 626 in
612 593 696 626 fine.
746 593 848 636 Quae
873 593 1119 637 pulcherrima
1145 593 1368 637 compositio.
1409 595 1482 629 Sed

115 667 199 690 raro
223 660 344 690 tamen
363 657 472 690 etiam
489 656 583 688 haee
602 666 660 688 res
678 654 837 688 sufficiet
859 667 923 698 per
939 660 1050 688 totam
1066 655 1328 696 narrationem3
1352 656 1483 690 debent

116 722 306 762 praeterea
330 717 440 751 etiam
456 717 622 761 singulae
641 727 711 758 τρε,
736 716 799 749 ubi
817 728 917 760 opus,
943 717 1030 750 scite
1046 716 1258 760 praeparari
1283 721 1317 750 et
1332 718 1483 751 interius

117 779 224 822 necti,
248 782 289 812 ut
310 777 510 822 posteriora
533 779 659 820 pulcre
685 776 816 819 ubique
834 782 1026 820 sequantur
1049 790 1092 811 ex
1113 778 1414 822 antecedentibus,
1437 791 1482 813 ne

114 840 203 884 quid
225 850 311 873 casu
334 840 461 873 adesse
486 838 674 878 videatur,
707 849 772 870 nec
805 837 884 880 quis
916 837 1036 871 hiatus
1069 839 1216 872 exsistat
1246 839 1482 874 iniucundior.

114 901 219 945 Quae
237 900 360 934 omnia
373 904 448 934 tam
466 901 557 934 bene
569 900 818 934 intellexerunt
837 904 872 932 et
887 900 1127 933 observarunt
1143 904 1296 942 veteres,
1316 905 1354 934 ut
1372 903 1482 935 etiam

115 963 163 997 ab
188 963 260 996 hac
284 967 387 1006 parte
413 962 472 1005 qui
496 962 721 995 narrationes
745 972 871 994 eorum
899 961 1161 995 examinaverit
1192 973 1260 994 non
1284 963 1397 1005 possit
1414 974 1483 997 non

114 1034 266 1058 acumen
297 1023 471 1057 admirari
503 1027 538 1056 et
569 1022 741 1056 iudicium
773 1022 915 1056 subtile.
964 1023 1090 1064 vides,
1117 1033 1224 1066 quam
1248 1023 1323 1057 vim
1347 1025 1482 1059 habeat

115 1085 402 1130 praeparationis
425 1085 637 1124 artificium3
663 1095 774 1128 quare
799 1095 931 1127 operae
957 1084 1112 1127 pretium
1136 1084 1246 1118 fuerit
1269 1089 1380 1118 totam
1402 1098 1481 1119 rem

114 1147 162 1181 ad
185 1146 351 1180 distincta
375 1157 510 1191 genera
532 1157 718 1180 revocare.
754 1146 805 1179 Ac
830 1146 986 1189 primum
1006 1147 1149 1189 quidem
1168 1146 1282 1180 affero
1307 1147 1396 1180 illud
1415 1159 1482 1191 ge·-

114 1220 194 1250 nus‚
219 1209 314 1252 quod
334 1208 640 1252 simplicissimum
666 1212 730 1249 est,
754 1208 817 1241 sed
841 1209 962 1242 multis
986 1208 1101 1241 modis
1126 1212 1348 1251 usurpatum,
1374 1220 1483 1242 nun-

113 1270 365 1305 tiationem
396 1271 476 1303 dieo
509 1269 586 1313 (die
610 1269 916 1314 Ankiindigung),
952 1271 1013 1303 ubi
1045 1271 1138 1313 quod
1164 1274 1289 1313 postea
1315 1275 1481 1304 narratur

113 1335 195 1365 ante
219 1330 340 1375 aliquo
363 1332 472 1364 modo
496 1331 678 1364 nuntiatur
703 1331 781 1364 sive
806 1331 987 1364 definitius
1014 1335 1048 1364 ct
1074 1331 1232 1374 apertius
1255 1331 1331 1364 sive
1351 1332 1481 1366 indefi-

113 1392 222 1426 nitius
245 1396 281 1426 et
302 1392 421 1425 minus
445 1392 621 1426 distincte.
656 1392 716 1426 Sic
743 1392 844 1424 Nem.
866 1392 922 1432 lv,
939 1391 984 1425 45
999 1403 1098 1435 seqq.
1124 1393 1228 1425 dulce
1245 1402 1388 1426 carmen
1408 1394 1482 1438 Cy-

113 1465 179 1498 pro
204 1457 239 1488 et
261 1453 423 1498 Aeginae
447 1464 580 1497 parans
603 1454 781 1486 Pindarus
812 1452 950 1485 nuntiat
972 1453 1213 1486 Aeacidarum
1238 1453 1273 1486 in
1300 1454 1420 1497 Cypro
1446 1460 1481 1489 et

111 1515 254 1561 Aegina
278 1515 436 1557 laudem,
461 1525 568 1558 quam
592 1515 629 1547 in
653 1514 884 1557 sequentibus
909 1515 1066 1547 exhibet.
1105 1514 1231 1547 Isthm.
1250 1515 1292 1556 V,
1310 1515 1365 1548 19.
1384 1518 1480 1549 Aea-

113 1577 212 1611 cidas
234 1581 274 1610 ut
298 1576 455 1610 celebret
487 1575 558 1608 sibi
580 1576 737 1609 maxime
761 1575 991 1619 perspicuam
1023 1577 1144 1620 legem
1169 1576 1310 1618 dicens,
1342 1577 1481 1612 nuntiat

112 1643 300 1683 sequentes
324 1649 449 1671 eorum
474 1638 610 1671 laudes.
650 1637 707 1671 01.
729 1637 803 1670 vll.
830 1648 913 1670 cum
937 1637 1060 1670 Rhodi
1086 1638 1192 1670 laude
1211 1637 1353 1671 venisse
1370 1650 1408 1672 se
1425 1639 1480 1673 di-

113 1711 197 1735 cens
221 1700 360 1733 nuntiat
383 1699 548 1732 Rhodias
571 1699 727 1732 fabulas.
776 1699 848 1732 Sed
880 1700 974 1732 haec
998 1698 1164 1732 faciliora
1190 1702 1224 1732 et
1247 1699 1322 1733 iam
1346 1712 1388 1733 ex
1414 1712 1479 1734 an-

111 1761 358 1796 tecedentibus
382 1765 466 1794 nota
492 1763 677 1804 exempla3
712 1760 807 1794 dabo
832 1761 945 1805 igitur
969 1762 1054 1794 alia.
1104 1761 1212 1805 Pyth.
1239 1761 1298 1805 lv,
1319 1761 1363 1795 70
1380 1774 1478 1806 seqq.

113 1835 222 1868 quum
246 1824 386 1857 dicatur
408 1823 534 1856 Peliae
565 1823 753 1856 oraculum
786 1823 908 1855 datum
933 1834 972 1856 se
997 1822 1210 1856 moriturum
1235 1823 1281 1856 ab
1305 1824 1478 1864 Aeolidis,

113 1888 329 1928 cavei-etque
351 1883 613 1929 μονοκρήπιδα
637 1885 767 1925 virum,
792 1884 823 1916 si
847 1896 866 1917 e
890 1884 1068 1918 montibus
1090 1884 1229 1918 veniret
1245 1885 1396 1927 Iolcum,
1419 1887 1479 1920 his

113 1945 236 1980 verbis
260 1950 295 1980 et
318 1946 457 1980 Iasonis
480 1947 657 1980 adventus
681 1946 862 1979 nuntiatur
893 1946 1038 1988 eiusque
1062 1946 1208 1979 habitus
1231 1951 1419 1979 montanus
1444 1952 1480 1981 ot

111 2007 334 2053 Magnesius,
359 2012 394 2042 et
420 2007 544 2042 Peliae
569 2012 650 2052 post
674 2011 899 2051 compertum
925 2008 1118 2041 adventum
1142 2018 1323 2049 occursus,
1348 2012 1385 2041 ut
1403 2008 1478 2042 iam

111 2081 182 2103 non
204 2069 394 2110 miremur,
428 2070 522 2112 quod
545 2081 609 2103 rex
645 2081 679 2102 v.
704 2069 760 2102 95.
792 2069 913 2101 statim
945 2070 1136 2101 accelerat.
1194 2069 1281 2102 Mox
1311 2070 1416 2103 Iason
1441 2071 1477 2104 in

111 2130 229 2174 prima
263 2130 422 2163 oratione
448 2141 558 2172 quum
582 2130 732 2170 indicet,
767 2130 1002 2172 quamobrem
1026 2130 1183 2171 venerit,
1210 2134 1285 2163 tum
1309 2135 1479 2174 parentes

112 2195 278 2235 quaerat,
311 2191 375 2224 ubi
407 2191 592 2230 habitent,
626 2191 805 2224 nuntiatur
829 2191 962 2233 duplex
986 2203 1064 2232 res3
1101 2202 1184 2225 nam
1216 2196 1251 2225 et
1274 2202 1478 2225 sermonem

112 2256 362 2296 exspectamus
393 2252 510 2286 alium
542 2252 618 2285 eius
649 2252 808 2285 futurum
834 2263 915 2285 cum
940 2253 1062 2295 Pelia,
1100 2257 1135 2286 et
1158 2257 1329 2297 paternae
1350 2255 1478 2287 domus

110 2314 288 2348 laetitiam
312 2314 587 2358 praevidemu83
621 2325 731 2358 quare
763 2319 912 2356 uterque
945 2315 1044 2347 locus
1069 2327 1088 2348 e
1113 2316 1232 2359 priore
1257 2316 1388 2359 pendet
1413 2327 1478 2359 per

111 2375 380 2410 nuntiationem.
437 2377 510 2411 Sed
542 2377 612 2409 hoc
642 2387 755 2421 genus
788 2375 960 2419 praeviae
993 2376 1264 2421 significationis
1296 2377 1478 2410 interdum

113 2437 224 2470 etiam
247 2437 364 2470 lenius
389 2442 452 2481 est,
486 2441 524 2472 ut
548 2438 678 2483 fugere
703 2438 816 2482 possit
841 2441 1027 2471 attentum.
1077 2438 1138 2471 Sic
1163 2438 1220 2471 Ol.
1245 2440 1307 2480 XI,
1328 2438 1385 2471 60.
1412 2439 1477 2471 de-

112 2497 259 2542 scriptio
283 2498 391 2542 primi
413 2499 498 2533 festi
520 2500 704 2545 Olympici
729 2501 909 2533 undenam
928 2498 1085 2543 pendet?
1109 2500 1264 2534 Dixerat
1281 2503 1362 2534 ante
1380 2500 1478 2532 Her-

113 2560 233 2594 culem
256 2560 411 2604 primam
436 2561 692 2606 Olympiadem
716 2563 919 2596 celebrasse
944 2573 1024 2595 cum
1048 2561 1162 2602 ludis,
1197 2564 1478 2604 narraveratque

113 2621 214 2665 prius
237 2620 347 2656 etiam
372 2633 542 2666 campum
565 2624 876 2658 comissationibus
899 2627 1077 2667 paratum.
1112 2623 1174 2657 Sic
1197 2622 1275 2657 iure
1293 2626 1479 2666 exspecta-¹

114 2693 197 2718 mus
219 2682 356 2728 aliquid
378 2685 534 2729 amplius
557 2685 691 2721 dictum
724 2685 771 2721 iri
804 2686 849 2720 de
881 2684 1135 2720 certaminibus
1159 2688 1195 2719 et
1217 2684 1479 2720 comissationi-
