1794 2982
600 109 848 151 PYTHIA
890 109 970 151 IX.
1386 107 1467 148 155

137 225 202 272 95
236 224 381 278 κεῖνος
416 219 551 266 αἰνεῖν
582 219 657 265 καὶ
689 214 768 264 τὸν
800 215 963 278 ἐχθρὸν

235 288 364 334 παντὶ
384 290 522 352 θυμῷ
552 284 640 333 σύν
658 304 704 347 γε
735 285 837 350 δίκᾳ
857 282 970 330 καλὰ
994 280 1157 343 ῥέζοντ’
1176 282 1360 330 ἔννεπεν.
1403 291 1465 325 170

235 358 419 402 πλεῖστα
452 352 696 401 νικάσαντά
731 365 778 399 σε
812 353 887 398 καὶ
920 355 1106 408 τελεταῖς

235 420 389 484 ὡρίαις
422 421 468 469 ἐν
502 420 742 477 Παλλάδος
777 415 896 465 εἶδον
931 417 1106 481 ἄφωνοί
1136 415 1184 464 θ’
1217 414 1277 473 ὥς
1308 414 1466 462 ἓκάστα

706 486 916 546 φίλτατον

238 557 505 617 παρθενικαὶ
533 554 666 603 πόσιν
698 551 728 617 ἢ
1402 559 1464 592 175

110 629 205 674 100
238 623 345 673 υἱὸν
378 621 559 685 εὔχοντ’,
594 616 632 669 οἷ
674 619 999 681 Τελεσίκρατες,
1033 618 1175 679 ἕιιιιεν,

237 759 282 805 ἐν
314 756 597 816 Ὀλυιιπιόισί
628 772 671 801 τε
705 754 778 800 καὶ
813 750 1112 813 βαθυκόλπου
1291 754 1397 814 Στρ.
1419 751 1463 798 ε’.

237 828 333 882 Γᾶς
367 821 550 880 αέθλοις
583 822 628 868 έν
659 838 703 866 τε
738 820 811 865 καὶ
847 823 984 865 πᾶσιν

238 892 494 975 ἐπιχωρίοις.
546 889 615 950 ἔμε
650 885 689 934 δ’
724 880 785 933 ὧν
818 905 883 943 τις
918 882 1080 931 αόιδαν

235 956 387 1015 διψαδ’
421 955 679 1018 ἆκειόιιενον
699 953 886 1012 πράσσει
908 952 1035 1013 χρέος
1059 943 1183 1009 αὖτις
1205 953 1362 1015 ἐγεῖραι
1402 964 1464 997 180

107 1029 203 1074 105
237 1027 313 1073 καὶ
344 1022 538 1073 παλαιὰν
572 1020 707 1079 δόξαν
735 1021 816 1068 ἑῶν
841 1019 1094 1082 προγόνων·
1130 1018 1215 1067 οἷοι
1235 1021 1468 1083 Λιβύσσας

709 1087 823 1150 α’μφὶ
858 1085 1071 1149 γυναικὸς
1104 1087 1206 1148 ἔβαν

148 1237 181 1258 v.
209 1225 268 1259 96.
292 1222 360 1259 σύν
382 1236 422 1258 τε
447 1224 533 1270 δίκᾳ
556 1240 600 1248 -
632 1235 664 1254 v.
694 1221 768 1255 102.
794 1217 967 1254 πάντεσσ’
999 1237 1039 1243 ·-
1077 1231 1107 1251 v.
1136 1221 1211 1254 103.
1240 1213 1308 1254 οὖν
1332 1227 1368 1252 et
1392 1219 1469 1255 οἷοι-

106 1270 180 1305 δᾶν
203 1288 248 1294 -
271 1282 306 1303 v.
334 1269 410 1304 104.
434 1270 552 1313 δίψαν
576 1286 620 1293 ——
644 1280 679 1300 v.
706 1267 780 1300 105.
807 1264 869 1300 καὶ
892 1265 1063 1300 παλαιῶν
1088 1262 1181 1307 δόξα
1203 1266 1296 1301 τεῶν

105 1357 278 1392 indicium
315 1357 495 1392 continere
528 1356 728 1400 scripturae
754 1354 866 1397 φατί,
899 1366 967 1398 quo
991 1355 1148 1399 reposito
1174 1359 1210 1389 et
1229 1353 1410 1397 εὐκλεΐξαι
1434 1361 1470 1390 et

105 1402 238 1447 φυγών
269 1414 339 1436 non
374 1407 479 1436 erunt
507 1402 688 1435 mutanda.
736 1401 909 1434 Formam
943 1404 1035 1443 φατέ
1065 1401 1152 1435 satis
1176 1402 1366 1435 confirmat
1388 1401 1470 1435 Ari-

106 1449 226 1493 stoph.
252 1448 342 1482 Ach.
365 1447 444 1480 771.
471 1452 506 1481 et
529 1446 759 1481 Pindaricum
786 1447 910 1488 φαντί.
958 1446 1079 1489 SCH.]

199 1505 235 1527 v.
260 1492 317 1526 96.
364 1493 557 1526 Retineam
585 1493 775 1536 vulgatam
807 1491 998 1524 lectionem
1028 1491 1264 1535 plurimorum
1293 1492 1470 1526 librorum

106 1538 220 1573 παντὶ
243 1538 354 1584 θυμῷ
378 1549 446 1573 συν
469 1550 508 1572 τε
534 1538 642 1581 δίκᾳ,
668 1548 720 1570 cx
752 1536 903 1569 animo
936 1538 1137 1570 laudare
1168 1541 1211 1570 et
1235 1548 1318 1570 non
1343 1537 1470 1571 infra

105 1583 345 1625 meritum3
370 1584 441 1617 hoc
466 1583 559 1616 enim
583 1593 675 1615 nunc
700 1586 752 1615 est
778 1580 845 1615 σὺν
871 1583 966 1627 δίκᾳ.
1000 1582 1061 1615 Sic
1086 1583 1179 1615 haec
1203 1587 1300 1616 recte
1318 1582 1469 1627 iungun-

106 1633 164 1663 tur
192 1633 231 1662 ut
259 1629 333 1663 alia
365 1630 481 1663 multa
513 1628 696 1661 cumulate
730 1627 848 1671 posita
881 1638 962 1660 cum
988 1627 1037 1660 xi.
1086 1627 1254 1661 Defendit
1276 1628 1371 1661 idem
1395 1630 1470 1662 Ta-

105 1674 226 1709 felius.

197 1717 335 1752 v.102.
379 1719 487 1772 [Vera
512 1717 692 1762 scriptura
716 1717 828 1751 πᾶσιν
853 1728 895 1750 ex
920 1717 1022 1750 libris
1046 1716 1210 1760 plurimis
1227 1718 1366 1751 reddita
1381 1729 1471 1762 poc—

109 1769 180 1799 tae.
211 1764 325 1797 xersu
348 1763 427 1798 1⁰3.
454 1776 505 1797 ων
525 1764 754 1797 Hermannus
777 1767 812 1797 et
827 1763 1035 1796 Boeckhius
1058 1763 1104 1795 ob
1130 1768 1350 1797 constantem
1365 1775 1471 1797 usum

134 1813 250 1844 oetae.
299 1809 403 1843 SCH.

109 1822 131 1855 P
197 1853 335 1889 v.105.
369 1809 514 1899 O]time
538 1865 630 1887 nunc
652 1854 810 1887 habetur
827 1851 970 1887 παλαιὰ
987 1850 1100 1893 δόξα;
1124 1852 1170 1887 cf.
1188 1853 1472 1888 BoeckhiiNott.

109 1899 226 1942 Critt„
250 1900 346 1943 quod
369 1901 503 1933 vellem
526 1899 749 1933 intellectum
774 1899 952 1931 omnibus.
988 1898 1120 1931 Contra
1136 1902 1292 1931 metrum
1314 1910 1390 1932 esse
1407 1898 1471 1933 60¹-

109 1946 177 1988 ξαν
200 1946 294 1980 τεῶν
317 1944 462 1978 hodie
452 1957 487 1978 in
511 1946 644 1989 vulgus
667 1949 790 1977 notum
816 1955 893 1976 csse
921 1947 1055 1986 potest;
1081 1954 1146 1975 nec
1165 1944 1281 1976 minus
1300 1944 1474 1977 damnan-

110 1991 198 2026 dum
221 1989 373 2032 δόξαν
361 1991 450 2032 εῶν,
484 1973 597 2033 quode
612 1990 657 2022 ab
682 1988 944 2022 Oxoniensibus
976 1989 1073 2020 male
1098 1988 1337 2021 coniectatum
1362 2000 1474 2032 nuper

111 2037 229 2070 denuo
262 2002 506 2079 propositumq
547 2034 649 2067 Mala
678 2034 740 2066 hic
772 2033 878 2066 tertia
908 2043 1061 2076 persona
1094 2037 1174 2075 post
1205 2034 1485 2074 antecedentem¹

110 2081 323 2122 secundam,
359 2081 415 2119 τίς
446 2083 567 2113 autem
602 2090 693 2111 nunc
717 2078 939 2111 substantim
965 2088 1089 2110 carens
1114 2079 1158 2111 de
1181 2079 1328 2112 homine
1353 2079 1473 2112 nescio

112 2136 194 2169 quo,
219 2125 278 2168 qui
302 2129 447 2168 poetam
471 2123 611 2165 excitet,
636 2127 710 2156 tam
729 2123 886 2156 ieiunum
913 2127 983 2164 est,
1008 2127 1048 2155 ut
1071 2123 1162 2156 nihil
1184 2135 1344 2167 unquam
1367 2135 1474 2168 repc-

111 2171 225 2204 riatur
248 2169 413 2203 ieiunius
447 2170 501 2202 De
526 2168 656 2202 ceteris
679 2169 762 2202 vide
786 2149 1080 2224 explicatiognem3
1109 2168 1224 2212 [Libri
1245 2169 1382 2202 violato
1397 2181 1474 2203 me—

112 2219 168 2250 tro
201 2212 335 2249 ἀοιδᾶν
366 2216 485 2258 δίψαν
509 2211 726 2257 ἀκειόμενον
750 2226 811 2258 πρ.
844 2226 898 2256 χρ
933 2213 1038 2251 αὖτις
1064 2211 1200 2256 ἐγεῖραι
1224 2215 1284 2247 καὶ
1309 2214 1475 2248 παλαιᾶν

114 2261 297 2304 (παλαιᾶν
320 2260 449 2301 Aldus)
483 2258 598 2301 δόξαν
621 2260 715 2293 τεῶν
739 2259 943 2313 προγόνων.
990 2259 1167 2292 Schmidii
1191 2260 1477 2294 emendationem

112 2309 257 2340 secutus
279 2305 486 2339 Boeckhius
510 2302 645 2338 ἀοιδᾶν
670 2306 702 2339 δ.
729 2302 764 2336 α’.
789 2316 850 2347 πρ.
876 2317 928 2346 χρ.
956 2303 1061 2343 αὖτις
1086 2303 1222 2347 ἐγεῖραι
1247 2306 1308 2339 καὶ
1335 2305 1476 2339 παλαιὰ

113 2349 208 2393 δόξα
231 2351 324 2385 τεῶν
342 2350 535 2407 προγόνων
556 2349 663 2383 dedit.
697 2350 864 2384 Scholia·
875 2347 1039 2405 διψώσῃ
1059 2350 1105 2394 τῇ
1122 2348 1206 2404 ᾠδῇ
1215 2350 1476 2405 προςτιθέντα,

113 2393 346 2452 ἀκειόμενόν*
363 2407 407 2440 με
440 2395 503 2430 καὶ
532 2394 808 2440 θεοαπεύοντα.
858 2392 893 2448 ,ἢ
928 2396 1099 2435 διψῶσαν
1133 2392 1234 2441 ᾠδὴν
1272 2397 1323 2451 τῷ
1353 2395 1477 2430 θέλειν

115 2441 246 2486 ὑμνεῖν
268 2438 365 2485 υμᾶς
391 2438 563 2496 πράσσει
577 2453 633 2480 τις
664 2438 724 2484 ἐμὲ
757 2439 819 2474 καὶ
827 2438 1040 2492 ἀναγκάζει
1065 2439 1118 2474 ἔτι
1141 2442 1253 2475 τοῦτο
1276 2441 1479 2483 υπομεῖναι

115 2485 180 2522 καὶ
204 2487 488 2540 συμπεριλαβεῖν
522 2484 591 2530 τὴν
622 2487 698 2520 τῶν
719 2483 911 2539 προγόνων
934 2485 1039 2528 υμῶν
1063 2484 1190 2528 δόξαν.
1236 2487 1291 2520 Ex
1316 2487 1372 2519 his
1396 2499 1479 2530 per-

116 2532 234 2576 spexit
257 2533 483 2566 Hermannus
506 2533 530 2567 1.
555 2544 586 2565 c.
610 2544 643 2576 p.
661 2530 738 2565 164.
764 2531 1017 2586 corrigendum
1031 2542 1108 2565 esse
1131 2531 1193 2572 ita,
1207 2537 1247 2565 ut
1261 2532 1355 2565 dedi.
1390 2532 1479 2566 Side

119 2577 740 2635 Commentarium.NecBe1-gkius
764 2576 824 2622 ἐμὲ
848 2579 868 2612 6
895 2590 947 2610 ων
970 2590 1025 2616 τις
1049 2573 1136 2612 αοιδ
1149 2589 1202 2610 αν
1227 2579 1344 2620 δίψαν
1363 2574 1422 2610 οἰκ.
1432 2596 1478 2602 —-

118 2619 258 2669 ἐγεῖραι
281 2622 344 2657 καὶ
368 2621 533 2658 παλαιὰν
557 2621 709 2665 δόξαν
696 2624 766 2658 εοδν
789 2622 982 2669 προγόνων
1007 2624 1103 2657 male
1127 2621 1280 2667 scripsit.
1319 2622 1443 2667 SCH.]
