1794 2982
532 121 890 162 EXGURSUS
929 122 957 161 1.
1344 124 1426 165 339

63 228 202 273 φεδρος
225 238 293 261 non
314 228 490 271 erat‚-sed
511 239 576 272 par
595 238 766 261 numerus
787 226 1014 260 certantium.
1039 226 1090 259 Ac
1109 226 1140 259 si
1161 225 1318 272 ἔφεδρος
1335 229 1423 262 ade·

60 291 129 330 rat,
157 288 325 332 deinceps
352 290 506 324 victores
531 288 813 323 antecedentium
841 288 980 321 dierum
1009 287 1195 321 certabant
1225 300 1307 322 cum
1330 291 1421 331 hoc-3

60 349 107 383 cf.
126 350 323 384 Boeckh.
341 352 532 395 Explicatt.
551 351 597 384 ad
614 350 716 384 Pind.
736 350 840 394 Pyth.
860 349 951 382 vul.
971 361 1006 393 p.
1027 348 1126 389 319.;
1150 349 1180 382 si
1197 361 1266 383 non
1287 351 1422 393 aderat,

59 421 154 444 nova
190 412 293 455 paria
327 424 370 445 ex
400 412 597 447 victoribus
645 411 732 445 solis
763 411 1089 454 componebantur,
1122 411 1235 444 donec
1260 423 1421 446 summus

59 472 232 506 evaderet
254 473 381 506 victor.
428 475 533 515 Tale,
559 473 678 513 credo,
704 476 884 505 certamen
910 472 977 506 fuit
1001 473 1190 505 Pausan.
1216 474 1273 515 Vl,
1299 474 1354 516 lo,
1378 474 1419 507 l:

58 531 153 567 ἔνθα
177 532 223 576 δὴ
248 531 267 568 ὁ
295 536 462 573 Γλαῦκος
486 532 721 578 ἐτιτρώσκετο
745 531 818 567 ’ὑπὸ
856 534 929 566 τῶν
955 532 1322 578 ἀνταγωνιζομένων,
1356 535 1419 570 καὶ

57 591 167 636 ἡνίκα
184 593 276 639 πρὸς
293 594 359 629 τὸν
375 593 592 638 λειπόμενον
612 592 648 636 ἐξ
669 591 792 627 αὐτῶν
812 591 1022 634 ἐπύκτευεν,
1033 591 1279 638 ἀπαγορεύειν
1298 595 1420 640 ἐνομί-

57 655 149 696 ζετο.
197 656 365 689 Ceterum
388 656 530 699 saepius
556 656 706 689 traditur
734 655 862 698 aliquis
886 656 1013 688 codem
1039 656 1097 689 die
1128 657 1226 689 lucta
1252 661 1286 690 ct
1310 659 1417 703 pugi-

56 717 131 749 latu
154 716 296 750 vicisse.
351 718 512 760 Denique
536 718 581 750 ad
607 718 756 750 eandem
791 728 954 749 normam
989 720 1113 760 quarto
1139 716 1196 749 die
1221 729 1416 760 puerorum

55 778 272 811 luctatorum
306 784 341 812 et
365 778 529 823 pugilum
553 784 735 811 certamen
760 789 836 811 esse
862 778 994 821 potuit,
1027 778 1146 821 quinto
1182 779 1359 813 victorum
1384 785 1419 815 et

55 837 226 883 ἐφέδρου.
286 840 357 873 Ubi
381 845 501 873 autem
528 839 714 883 pauciores
736 843 928 871 certatores
964 839 1133 880 aderant,
1168 840 1277 873 etiam
1304 842 1418 875 omitti

55 911 125 933 uno
149 900 207 934 die
231 901 346 944 potuit
369 902 439 934 hoc
463 911 577 945 genus
600 899 817 932 certaminis.
852 899 962 931 Venio
987 900 1032 931 ad
1058 899 1414 943 quinquertium.

53 961 352 1005 Quinquertiones
375 964 490 1006 vulgo
514 973 582 994 non
602 971 737 1004 paucos
761 959 872 992 fuisse
898 960 978 992 inde
1003 961 1178 1002 suspicari
1199 962 1296 1003 licet,
1322 965 1415 1006 quod

54 1034 184 1056 novem
212 1023 529 1056 Hellanodicarum
563 1027 634 1056 tres
669 1021 806 1054 curulia
829 1021 1026 1054 certamina
1059 1021 1316 1065 inspiciebant,
1345 1030 1417 1059 tres

53 1084 334 1127 quinquertium,
366 1089 437 1117 tres
469 1088 589 1117 cetera
624 1078 840 1123 certamina,
882 1084 1073 1115 Pausan.
1107 1085 1157 1124 V,
1188 1083 1228 1125 9,
1261 1084 1293 1117 5.
1350 1088 1415 1120 Est

53 1150 174 1178 autem
206 1145 364 1178 maxime
388 1144 583 1178 verisimile
618 1144 835 1188 compositos
859 1144 1146 1187 quinquertiones
1181 1157 1247 1188 per
1271 1151 1414 1189 quater-

53 1207 176 1241 niones
201 1206 332 1248 fuisse,
363 1211 401 1240 ut
424 1205 584 1249 quaterni
614 1207 726 1246 saltu,
759 1217 880 1246 cursu,
914 1206 1031 1246 disco,
1070 1204 1190 1238 iaculo
1225 1212 1413 1250 certarent,

53 1269 99 1302 ad
125 1269 333 1303 luctandum
363 1279 451 1301 vero
487 1268 557 1301 duo
599 1267 701 1311 paria
733 1266 932 1309 prodirent,
978 1278 1088 1299 unum
1126 1271 1204 1309 post
1246 1271 1411 1308 alterum,

50 1330 166 1374 Igitur
189 1329 220 1362 si
243 1341 277 1362 v.
303 1341 331 1362 c.
357 1329 515 1361 sedecim
540 1333 658 1369 erant,
683 1329 871 1361 commode
897 1328 936 1360 hi
961 1340 1025 1371 per
1049 1333 1201 1370 quatuor
1233 1330 1309 1362 dies
1334 1342 1412 1364 cer-

51 1390 217 1432 taverint,
243 1390 362 1433 quinto
388 1394 509 1423 autem
534 1389 591 1422 die
615 1389 768 1422 victores
796 1390 936 1422 horum.
977 1389 1102 1431 Neque
1126 1394 1247 1423 tamen
1271 1402 1415 1435 semper

24 1490 28 1493 Δ
51 1451 214 1485 existimo
248 1452 411 1485 omnibus
443 1452 568 1484 dicbus
594 1450 818 1494 quinquertio
843 1454 1037 1491 certatum,
1063 1451 1136 1491 sed⁷
1171 1452 1200 1484 si
1224 1453 1414 1495 pauciores

51 1513 220 1555 aderant,
252 1513 423 1546 omissum
447 1517 500 1546 est
522 1523 591 1545 nno
617 1514 800 1555 alteroque
825 1512 882 1546 die
916 1513 987 1545 hoc
1012 1516 1210 1554 certamen,
1244 1517 1278 1547 et
1301 1515 1412 1548 intro-

50 1574 158 1608 ducta
179 1585 244 1618 pro
269 1586 324 1615 eo,
350 1575 381 1607 si
396 1574 478 1607 fieri
496 1578 649 1617 poterat,
671 1575 888 1607 luctatorum
910 1576 970 1605 aut
989 1572 1153 1615 pugilum
1173 1575 1277 1616 plura
1296 1576 1411 1618 paria.

49 1635 365 1678 Quemadmodum
394 1636 424 1668 si
448 1637 567 1678 plures
601 1623 707 1677 quam
732 1635 890 1668 sedecim
925 1635 1093 1675 aderant,
1129 1645 1199 1666 uno
1224 1635 1282 1668 die
1319 1637 1412 1670 duae

50 1696 298 1740 quaterniones
334 1700 524 1730 certarunt.
581 1696 691 1729 Talia
723 1696 815 1728 enim
848 1694 1051 1727 necessario
1084 1699 1222 1728 mutata
1253 1700 1334 1731 sunt
1365 1699 1411 1731 ab

47 1757 296 1792 Hellanodicis
318 1768 384 1801 pro
407 1767 556 1790 numero
582 1758 795 1791 certantium
818 1757 853 1790 in
879 1767 1019 1799 quoque
1046 1767 1192 1800 genere,
1216 1762 1276 1799 ut,
1302 1770 1414 1802 quan-

48 1822 125 1853 tum
157 1818 239 1852 fieri
261 1822 400 1862 posset,
434 1818 633 1861 aequaliter
664 1819 781 1851 divisa
805 1818 1024 1850 haberentur
1059 1829 1124 1860 per
1153 1818 1314 1863 singulos
1337 1820 1415 1854 dies

49 1880 248 1914 certamina
280 1883 316 1913 et
338 1884 579 1923 spectatorum
613 1880 890 1913 oblectamenta.
939 1877 1109 1909 Ceterum
1145 1889 1255 1920 quum
1281 1891 1325 1912 ex
1349 1881 1412 1914 de-

49 1940 242 1984 scriptione
265 1944 386 1974 nostra
410 1940 674 1983 quinquertium
705 1939 739 1971 in
763 1939 835 1971 fine
861 1937 932 1970 diei
963 1942 1043 1981 post
1073 1942 1193 1971 cetera
1218 1941 1413 1975 certamina

49 2005 249 2045 spectatum
273 2000 330 2041 sit,
355 2000 429 2034 noli
453 2006 574 2034 contra
597 2012 661 2034 nos
685 2001 818 2034 afferre
842 2000 962 2032 locum
986 1999 1178 2032 Pausan.
1205 2001 1262 2042 Vl,
1286 2000 1343 2043 24,
1369 2002 1416 2044 1.,

50 2063 115 2096 ubi
129 2063 174 2096 de
193 2061 386 2107 gymnasio
404 2063 573 2096 Eleorum
590 2064 736 2105 loquens
757 2060 892 2105 pergit:
920 2050 1050 2099 εἰςιιῖσι
1065 2058 1104 2094 δὲ
1118 2062 1416 2106 (Hellanodicae)

49 2123 137 2169 πρὶν
155 2123 220 2166 μὲν
235 2121 303 2158 τὸν
326 2119 431 2167 ἥλιον
445 2120 616 2166 ἀνίσχειν,
639 2122 884 2166 συμβαλόντες
904 2121 1073 2167 δρομέας,
1089 2120 1270 2166 μεσούσης
1288 2123 1328 2158 δὲ
1349 2124 1415 2168 τῆς

1 2177 6 2255 Ι
49 2183 188 2230 ἡμέρας
214 2183 275 2219 ἐπὶ
300 2184 341 2219 τὰ
369 2182 592 2226 πένταθλον,
616 2184 679 2218 καὶ
704 2180 774 2217 ὅσα
797 2182 912 2227 βαρέα
941 2179 1032 2216 ἄλλα
1051 2179 1310 2225 ὀνομάζουσιν.
1356 2184 1413 2218 lbi

50 2258 118 2282 non
144 2247 188 2280 de
211 2246 307 2280 ludis
329 2257 461 2288 sermo,
483 2246 546 2279 sed
571 2247 615 2278 de
639 2245 817 2278 exercitiis
839 2248 921 2277 ante
945 2244 1069 2286 ludos,
1096 2244 1190 2286 quod
1213 2255 1283 2278 non
1306 2245 1413 2279 video

50 2308 88 2342 in
120 2309 191 2342 hac
224 2308 432 2352 quaestione
457 2308 503 2341 ab
537 2307 701 2340 omnibus
725 2306 965 2339 observatum.
1022 2305 1094 2339 Sed
1126 2305 1170 2338 de
1194 2306 1354 2349 ipsorum
1378 2307 1414 2341 in

3 2399 5 2419 3
52 2370 274 2414 quinquertio
306 2369 543 2404 certaminum
577 2368 700 2402 ordine
735 2368 850 2400 multa
892 2377 1008 2409 nuper
1040 2366 1222 2409 disputata
1253 2372 1334 2402 sunt
1366 2369 1413 2402 ab

4 2423 5 2448 ³
51 2432 310 2466 Hermanno
334 2432 370 2465 in
392 2431 650 2466 Dissertatione
675 2431 719 2464 de
744 2428 895 2473 Sogenis
915 2427 1113 2471 Aeginetae
1136 2428 1289 2462 victoria
1313 2429 1418 2472 quin-

52 2493 182 2536 quertii
212 2493 309 2538 Lips.
326 2504 406 2527 ann.
425 2491 526 2526 1822.
553 2496 587 2526 et
612 2503 634 2525 a
655 2490 897 2525 Boeckhio
919 2489 957 2522 in
982 2487 1072 2521 notis
1097 2487 1227 2522 criticis
1251 2490 1297 2522 ad
1313 2490 1414 2523 Pind.

51 2553 153 2588 Nem.
184 2553 262 2586 Vll.
303 2558 339 2587 et
376 2554 413 2587 in
444 2554 704 2588 Dissertatione
745 2553 788 2586 de
823 2550 915 2585 Crisi
947 2549 1161 2591 Pindarica,
1202 2550 1355 2593 denique
1390 2562 1414 2585 a

4 2630 7 2641 ι
53 2614 258 2659 Geor-gio
272 2615 519 2650 Friderico
538 2615 699 2658 Philip
713 2625 765 2658 po
785 2610 1137 2646 ineommentatione
1156 2611 1200 2644 de
1211 2612 1419 2655 Pentathlo,

55 2686 146 2719 quae
171 2676 277 2710 adeat
299 2677 424 2711 lector.
476 2677 616 2711 Tamen
648 2680 688 2711 ut
710 2674 835 2720 paucis
856 2684 978 2708 meam
1001 2671 1215 2707 sententiam
1239 2674 1416 2718 aperiam,

1068 2732 1154 2772 22*

3 2454 7 2550 ἓ

4 2551 25 2625 22

5 2655 9 2767 ξ

4 2770 9 2863 ξ
