1794 2982
254 510 611 555 ADDENDA
653 509 750 554 ET
796 506 1315 553 CORRIGENDA.

106 709 276 785 Olympi
301 709 328 748 1,
351 709 385 743 5.
430 708 528 740 Libri
553 708 712 741 meliores
728 704 854 752 μηκέτ’
871 704 1009 748 ἀελίου,
1035 706 1130 751 quod
1151 705 1315 749 expendit
1330 704 1463 737 Ahrens

198 754 262 786 Dia
281 777 289 786 .
316 755 400 786 Dor.
426 767 458 796 p.
483 754 539 787 40.

107 801 236 844 Olym
250 811 283 842 p.
310 800 334 841 1,
364 801 416 833 19..
464 799 623 831 Formam
648 796 846 842 πολυμάλῳ
872 798 1020 840 exagitat
1043 797 1132 829 idem
1157 809 1189 839 p.
1219 797 1294 835 153.

105 846 278 890 Olymp.
306 846 334 884 1,
358 845 413 877 53.
461 846 610 887 Antiqua
644 845 816 887 scriptura
843 842 1050 886 κακαγόρος
1075 843 1245 886 quosdam
1270 840 1466 883 grammati-

196 902 268 931 σος,
291 890 349 933 qui
375 890 606 922 accusativum
632 900 707 920 esse
732 901 800 921 non
826 892 1007 927 sentirent,
1033 889 1076 919 ad
1099 899 1234 929 pravam
1259 887 1464 929 scripturam

195 935 311 968 duxit:
337 932 550 980 ἀκέρδειαν
583 932 746 976 λέλογχεν
769 933 914 976 θαμινὰ
939 933 1204 976 κακάγορος.
1260 932 1316 963 Sic
1344 932 1464 963 Pate.

197 991 274 1012 cum
308 980 423 1021 glossa
453 978 549 1012 κακὰ
574 977 696 1021 λέγων.
752 979 881 1010 Eodem
907 980 1018 1021 fertur
1051 990 1136 1009 unus
1170 989 1211 1009 ex
1236 976 1463 1009 Scholiastis:

195 1023 233 1059 οἱ
263 1022 465 1070 κακήγοροι
497 1020 606 1057 οὐδὲν
639 1022 850 1067 λελόγχασιν
880 1020 905 1067 ἢ
935 1020 1141 1067 οἷκέρδειαν.
1201 1023 1401 1065 Quanquam
1436 1022 1465 1053 is

195 1070 343 1103 fortasse
366 1071 410 1102 ad
432 1069 681 1112 expediendam
706 1070 877 1111 vulgatam
903 1069 1062 1100 adhibuit
1087 1069 1339 1110 anastrophen,
1364 1078 1465 1109 quam

195 1126 300 1158 quum
334 1115 418 1147 alias
450 1122 523 1147 tum
566 1114 609 1146 ad
645 1115 746 1146 Nem.
778 1115 849 1156 IX,
883 1115 938 1147 48.
983 1114 1290 1146 comminiscuntur
1331 1119 1466 1144 veteres

197 1171 250 1192 ma
275 1161 363 1193 istri.

108 1173 275 1250 Olympg.
301 1207 328 1241 1.
353 1205 407 1238 64.
456 1204 641 1237 consultus
667 1205 710 1236 de
733 1204 768 1236 h.
795 1204 820 1236 1.
846 1204 980 1236 Ahrens
1015 1215 1111 1235 meus
1135 1202 1222 1234 haec
1258 1203 1333 1234 fere
1357 1213 1467 1244 repo-

198 1251 290 1284 suit:
316 1252 471 1284 Kticmv
497 1257 592 1281 tuum
619 1261 687 1282 non
723 1249 911 1281 satisfacit:
950 1250 1045 1291 quod
1070 1248 1280 1279 tralaticium
1305 1248 1467 1279 mendum

196 1295 352 1339 arguisti,
377 1295 494 1327 laudo.
543 1296 613 1337 Ego
647 1306 687 1326 ex
714 1296 830 1337 glossa
857 1294 1022 1336 Hesychii
1054 1291 1253 1336 ἔθησαν·
1290 1291 1469 1335 ἐποίησαν

196 1342 345 1374 coniicio
370 1341 543 1383 θῆσαν.
593 1341 678 1372 Nam
704 1342 732 1371 si
758 1342 834 1383 quis
861 1340 1020 1372 conferat
1043 1339 1186 1370 alteram
1211 1339 1358 1380 glossam
1382 1339 1469 1381 θῆ-

196 1396 294 1420 σαι·
319 1385 462 1430 θρέψαι
488 1393 523 1417 et
548 1385 785 1417 Alcmanicum
810 1386 899 1416 illud
923 1382 1017 1427 γάλα
1040 1386 1171 1425 θεῖσα,
1197 1384 1292 1426 quod
1319 1384 1470 1415 descen-

195 1432 249 1464 dit
282 1443 300 1463 a
332 1433 438 1463 verbo
462 1431 580 1473 θῆναι
619 1438 655 1462 ut
680 1428 786 1464 αἐῖσα
812 1431 852 1462 ab
880 1429 988 1472 ἅημι,
1024 1429 1058 1461 h.
1084 1441 1114 1461 e.
1139 1427 1233 1470 γάλα
1257 1428 1467 1471 τρέφουσατ

194 1477 299 1510 facile
329 1476 522 1519 intelligat,
556 1477 666 1508 rarius
701 1477 843 1508 verbum
879 1476 998 1517 θῆναι
1019 1486 1088 1506 non
1121 1474 1233 1506 solum
1268 1473 1470 1506 lactandi

197 1522 426 1565 significatum
452 1522 630 1564 habuisse,
666 1522 727 1554 sed
753 1523 853 1553 etium
888 1522 1047 1552 universe
1075 1519 1225 1564 τρέφειν
1248 1519 1343 1550 verbi
1369 1525 1470 1562 pote-

196 1574 287 1600 state
318 1567 482 1599 usitatum
516 1567 635 1599 fuisso.
691 1568 800 1607 Igitur
830 1565 999 1606 ἄφθιτον
1034 1563 1201 1609 ἔθρεψαν
1231 1565 1336 1595 verba
1361 1574 1470 1596 sona-

195 1613 294 1644 bunt.
343 1613 470 1644 Glossa
497 1612 661 1654 Hesychii
687 1624 725 1644 ex
751 1613 819 1644 hoc
850 1612 997 1643 similive
1022 1611 1103 1642 loco
1129 1616 1264 1652 sumpta
1290 1610 1407 1641 fuerit.

106 1659 231 1702 Olym
244 1669 277 1701 p.
307 1659 332 1699 Ι,
356 1657 411 1690 82.
461 1659 512 1689 De
536 1657 580 1690 τά
606 1669 671 1700 pro
696 1659 731 1691 τί
748 1658 884 1689 seilicet
908 1657 1025 1700 posito
1044 1655 1214 1688 videndus
1233 1654 1367 1686 Ahrens
1394 1653 1418 1685 l.
1440 1664 1470 1685 c.

222 1727 230 1735 .
256 1703 336 1736 277.

107 1716 279 1792 Olylirip.
306 1749 349 1788 Π,
373 1748 429 1780 99.
456 1759 548 1780 corr.
576 1747 620 1787 Π,
645 1747 699 1779 27.

107 1793 348 1837 Olymp.11,
372 1793 427 1826 76.
452 1793 486 1824 in
513 1798 594 1823 nota
623 1803 685 1834 pro
711 1791 792 1833 γῆς
816 1791 892 1834 lege
917 1791 1010 1833 γᾶς.

107 1839 234 1883 Olym
247 1849 279 1880 p.
306 1839 348 1879 11,
373 1838 428 1871 93.
459 1838 592 1870 Ahrens
619 1848 652 1879 p.
680 1837 753 1868 178.
779 1835 821 1870 τὸ
848 1836 924 1869 πάν
948 1836 1095 1878 probat,
1121 1845 1225 1877 quum
1251 1840 1286 1865 et
1310 1833 1411 1866 Doris
1437 1839 1472 1865 et

201 1883 321 1916 Aeolis
345 1882 421 1916 πάν
447 1883 655 1925 corripuisse
681 1881 837 1920 dicatur,
867 1888 904 1912 ut
928 1880 985 1911 vel
1009 1879 1080 1917 πός
1104 1890 1168 1921 pro
1196 1890 1237 1910 eo
1263 1890 1296 1921 q.
1323 1889 1351 1910 e.
1377 1876 1473 1916 πούς

203 1928 269 1960 sibi
292 1928 522 1959 indulserunt.

110 1972 237 2016 Olym
250 1983 283 2015 p.
308 1972 368 2010 1V,
391 1973 446 2004 26.
480 1972 515 2002 in
542 1970 724 2013 Heyniana
756 1969 959 2000 diversitate
984 1968 1116 2000 scribe:
1151 1965 1282 2004 νέοις
1313 1964 1361 1999 ἐν
1395 1961 1474 1998 οἷν-

200 2018 221 2051 δ
268 2014 358 2049 οἶσι.

109 2029 281 2106 ΟΙγῐηρρ.
308 2062 370 2099 VI,
395 2061 426 2094 6.
475 2061 526 2092 De
552 2060 664 2094 forma
685 2057 924 2104 Συράκοσσοιι
947 2063 1106 2090 accurate
1122 2055 1256 2088 Ahrens
1281 2067 1315 2098 p.
1336 2053 1378 2086 99
1398 2048 1472 2097 seq.

199 2119 239 2140 ex
269 2114 354 2139 onit.

109 2120 280 2197 Olymg.
306 2153 374 2192 Vl,
410 2151 462 2183 13.
518 2150 699 2182 Rationem
740 2148 873 2182 formae
914 2144 1136 2192 Ἀμφιάρηος
1176 2156 1247 2177 non
1287 2141 1475 2186 explicavit

203 2198 344 2230 amicus.
400 2196 510 2239 Igitur
548 2196 623 2238 ipse
664 2195 802 2226 faciam.
863 2196 909 2226 Ut
951 2205 990 2224 ex
1025 2191 1183 2237 Βριάρης
1215 2189 1474 2233 pullulaverunt

200 2242 384 2288 Βριάρηος
414 2249 448 2273 et
482 2240 686 2285 Βριάρεως,
727 2240 777 2271 sic
808 2251 849 2270 ex
878 2236 1075 2282 Ἀμφιάρης
1119 2244 1155 2268 et
1186 2233 1404 2278 Ἀμφιάρηος
1439 2239 1474 2264 et

199 2285 436 2333 Ἀμφιάρεως.
486 2287 703 2319 Herodianus
728 2286 780 2316 Et.
807 2285 854 2317 M.
880 2297 914 2327 p.
943 2285 1015 2322 175,
1040 2283 1102 2316 29:
1137 2278 1194 2315 Τὰ
1218 2282 1375 2325 τοιαῦτα
1399 2278 1474 2331 τῶν

202 2329 397 2376 ὀνομάτων
429 2332 530 2376 παρὰ
565 2333 632 2371 τῆς
658 2330 783 2375 ’Ἁρης
813 2329 1016 2371 σύγκειται·
1056 2325 1203 2370 γέγονεν
1236 2325 1303 2359 οὐν
1335 2323 1399 2357 καὶ
1430 2335 1473 2357 το

199 2377 357 2424 Ἀφᾰρης
390 2374 518 2417 οὕτως.
572 2374 651 2411 εἶτα
693 2374 918 2421 παρώνυμον
953 2370 1142 2417 Ἀφαρεύς.
1203 2371 1296 2403 Idem
1314 2368 1471 2446 BEt.kM.

442 2437 448 2442 ¹
595 2421 604 2431 Ι
718 2433 725 2440 ·
794 2418 808 2424 ¹*
986 2419 993 2428 Ι
1169 2416 1179 2427 Ι
1424 2415 1456 2444 'u

200 2425 603 2514 fss531¹{;.3³1;...¹{‚{‡3
617 2434 672 2500 ἵζ’
685 2423 906 2510 Ξαίῖἱοέστῗ
917 2430 1103 2509 ἒξῗάῖἷζές
1127 2416 1309 2506 ξᾝὲεῑὲ
1333 2426 1395 2512 Ei?
1404 2425 1474 2502 μὀῗ

203 2515 329 2560 θῆρες·
354 2513 376 2559 ἡ
400 2514 525 2558 γενικὴ
549 2512 757 2559 Βριαρήου,
784 2511 847 2546 καὶ
874 2508 1075 2552 Θετταλική
1100 2506 1223 2551 γενικὴ
1251 2510 1472 2551 Βριαροιο

203 2561 266 2594 καὶ
290 2561 456 2605 σνγκοπῇ
481 2559 655 2604 Benigno.
713 2557 839 2590 Confer
870 2556 1033 2588 Meinekii
1066 2554 1181 2587 Anall.
1205 2553 1307 2585 Alex.
1333 2562 1368 2593 p.
1394 2549 1472 2582 979.

204 2605 314 2647 Igitur
331 2611 367 2649 ῆ,
391 2607 486 2650 quod
505 2602 548 2638 ab
575 2605 705 2648 origine
731 2604 864 2636 formae
890 2601 1060 2642 adhaesit,
1085 2599 1188 2641 vulgo
1213 2609 1284 2630 non
1308 2596 1375 2628 iam
1392 2606 1473 2628 sen-

205 2649 377 2692 tiebatur,
400 2652 491 2684 unde
516 2647 738 2695 Ἀμφιάραος
761 2649 795 2681 in
821 2659 920 2680 usum
945 2647 1051 2678 venit.
1099 2644 1169 2676 Sed
1193 2643 1253 2675 illa
1279 2642 1390 2681 forma
1414 2651 1474 2672 re-

205 2695 379 2728 stituenda
411 2697 614 2730 stesichoro
648 2703 710 2728 est.
770 2694 823 2727 Ab
855 2690 1053 2738 Ἀμφιάρης
1096 2690 1196 2723 Nem.
1227 2688 1298 2732 IX,
1328 2686 1384 2720 24.
1422 2691 1474 2718 est

203 2738 394 2786 Ἀμφιάρη-
