1751 2986
332 259 397 288 CIV

332 352 493 386 medicus
525 351 798 395 Salmuriensis,
830 363 977 386 manum
1007 353 1206 388 salutarem
1237 351 1394 387 Pindaro
1427 352 1607 396 admovit,
1640 351 1701 397 qui

331 416 502 448 nonnulla
525 416 712 458 praeclare
737 415 965 448 emaculavit.
1006 415 1145 449 Prodiit
1168 415 1244 448 eius
1270 415 1379 448 editio
1404 414 1575 448 Salmurii
1597 412 1701 448 162⁰.

331 475 496 519 Quinque
527 475 809 509 Bodleianorum
852 476 1016 510 codicum
1056 477 1243 520 scripturis
1280 477 1337 510 usi
1375 479 1455 509 sunt
1487 475 1702 509 editores

332 536 635 578 oxonienses,
662 548 814 580 quorum
840 537 948 571 editio
968 537 1097 571 Oxonii
1117 537 1217 571 1697.
1245 537 1377 570 emissa
1394 537 1488 571 Nic.
1509 535 1701 571 Sudorii

330 597 536 632 versionem
551 599 719 633 Latinam
737 598 854 632 offert.
875 599 973 632 Anno
991 598 1092 632 1747.
1118 598 1276 633 Traiecti
1299 600 1344 632 ad
1357 599 1527 632 Rhenum
1546 598 1573 633 1.
1595 598 1700 631 Cor—

329 660 480 693 nelius
513 662 566 694 de
596 662 733 695 Pauw
762 660 874 694 Notas
904 672 987 694 suas
1021 661 1053 694 in
1084 660 1276 695 Pindarica
1301 660 1523 704 publicavit,
1548 669 1698 703 quarum

328 720 440 753 hodie
467 721 619 765 exiguus
648 734 732 754 usus
761 726 824 754 est.
856 723 958 756 Licet
982 734 1024 754 ne
1046 722 1217 755 Pauwius
1244 722 1388 764 quidem
1410 722 1444 753 in
1471 719 1703 754 emendandis

329 781 542 824 quibusdam
577 782 667 815 locis
689 783 815 815 inscite
843 782 969 827 egerit.
1015 781 1303 824 „Successit’⁷—-
1336 781 1545 815 Dissenii
1579 780 1702 814 verbis

328 844 411 875 utor
440 861 485 865 —
520 841 602 883 „vir
632 843 848 877 immortalis
882 843 1093 888 lleynius
1125 844 1232 886 [anno
1258 843 1395 886 1773.],
1442 841 1703 876 celeberrimus

328 902 477 936 Pindari
501 904 616 937 editor
641 909 676 938 et
701 906 889 948 interpres,
915 905 975 948 qui
993 904 1161 938 Thebani
1185 908 1313 948 poetae
1337 904 1511 945 studium,
1535 913 1599 946 per
1620 903 1701 935 lon-

328 974 415 1008 gam
440 975 614 999 annornm
631 967 761 999 seriem
784 977 930 1010 prorsus
950 967 1168 1011 neglectum,
1193 966 1329 1009 primus
1352 965 1388 998 in
1407 963 1605 998 Germania
1623 974 1701 996 sus-

329 1023 472 1067 citavit,
506 1037 572 1059 nec
605 1029 724 1061 solum
756 1030 856 1062 locos
891 1028 1064 1071 plurimos
1098 1028 1232 1061 rectius
1273 1027 1461 1071 explicuit,
1494 1026 1558 1058 sed
1587 1025 1699 1058 etiam

326 1096 470 1119 sensum
496 1090 726 1130 praeclarum
754 1091 893 1134 lyricae
918 1090 1060 1133 poesios
1085 1090 1203 1123 attulit
1236 1093 1271 1122 et
1294 1086 1606 1133 magnificentiam
1630 1086 1700 1119 ho·-

325 1158 407 1181 rum
443 1149 643 1183 carminum
665 1151 794 1184 eximie
819 1151 1014 1195 perspexit.
1073 1152 1145 1185 Sed
1170 1163 1279 1195 quum
1301 1155 1422 1185 tamen
1447 1149 1510 1183 illo
1535 1152 1700 1191 tempore

325 1209 484 1242 nondum
508 1214 549 1243 ut
572 1212 681 1245 hodIe
706 1214 750 1246 de
775 1214 876 1257 poesi
900 1217 1064 1247 veterum
1088 1216 1324 1255 statueretur,
1356 1213 1473 1246 multa
1503 1210 1639 1254 frigida
1664 1212 1701 1243 et

325 1270 465 1304 tumida
489 1271 599 1314 dixit,
636 1285 729 1316 quae
755 1276 872 1309 causis
896 1275 1036 1319 penitus
1061 1274 1258 1317 perspectis
1284 1276 1382 1306 recte
1406 1273 1545 1306 habere
1567 1271 1700 1306 sensis-

324 1334 390 1364 set.
447 1332 549 1365 Nunc
579 1337 700 1368 autem
730 1347 801 1368 non
832 1340 907 1370 tam
939 1337 1141 1380 perfectam
1172 1334 1358 1369 iudicabat
1382 1333 1529 1368 Pindari
1567 1336 1697 1374 artem,

324 1403 434 1435 quam
458 1405 587 1427 revera
611 1400 683 1437 est,
708 1400 743 1429 et
766 1397 795 1429 si
821 1409 914 1439 quae
939 1398 1179 1437 offenderent,
1213 1397 1429 1438 damnabat,
1455 1407 1524 1428 non
1550 1394 1637 1428 satis
1660 1394 1697 1427 in

324 1453 514 1488 consilium
539 1455 717 1489 dictorum
741 1457 932 1500 inquirens.
980 1459 1033 1491 Ad
1056 1460 1208 1491 alteram
1234 1470 1322 1491 vero
1341 1456 1476 1501 Heynii
1503 1455 1697 1490 editionem

323 1515 793 1561 [Gotting.1798—1799.],
819 1524 970 1562 quatuor
990 1520 1232 1553 voluminibus
1252 1519 1566 1563 comprehensam,
1589 1528 1697 1561 prae-

325 1577 447 1609 clarae
473 1577 735 1612 Godofredi
760 1581 1016 1614 Hermanni
1042 1581 1360 1614 commentationes
1385 1582 1623 1620 accesserunt,
1658 1579 1695 1613 in

323 1637 452 1680 quibus
477 1639 622 1681 plurimi
652 1640 724 1673 loci
748 1642 931 1686 sagaciter
965 1643 1136 1686 explicati
1166 1646 1257 1676 sunt.
1312 1642 1448 1676 Ultima
1481 1641 1590 1674 editio
1616 1644 1697 1685 post

322 1702 477 1732 mortem
509 1700 654 1734 demum
688 1702 821 1747 Heynii
856 1704 961 1746 [cura
996 1705 1039 1737 G.
1073 1706 1119 1738 H.
1147 1704 1411 1748 Schaeferi]
1448 1703 1579 1747 prodiit
1612 1714 1693 1736 ann.

321 1759 423 1796 1817.
448 1761 546 1805 Lips.
565 1773 622 1805 ap.
643 1763 771 1808 Vogel.
819 1765 891 1797 Sed
912 1766 1044 1809 Heynii
1069 1777 1180 1810 opera
1204 1766 1241 1799 in
1260 1766 1416 1800 Pindaro
1441 1765 1559 1809 posita
1583 1764 1692 1798 etiam

321 1822 476 1857 aliorum
500 1824 591 1857 inter
616 1829 792 1859 nostrates
815 1827 932 1860 studia
957 1827 1138 1860 excitavit.
1189 1827 1249 1861 Sic
1264 1828 1294 1861 Ι.
1314 1828 1357 1861 G.
1375 1827 1695 1862 Schneiderus

319 1883 439 1918 Vitam
471 1886 620 1920 Pindari
658 1888 800 1931 scripsit
841 1889 1033 1933 Argentor.
1070 1888 1172 1921 177⁴.
1217 1893 1251 1922 et
1282 1889 1503 1934 Fragmenta
1543 1888 1693 1933 collegit

318 1944 510 1990 Argentor.
535 1948 636 1981 1776.
694 1950 733 1982 In
759 1950 885 1983 eodem
910 1961 1059 1983 numero
1084 1950 1200 1983 Frid.
1228 1950 1480 1984 Gedickius
1503 1950 1593 1991 fuit,
1633 1949 1693 1994 qui

321 2008 516 2052 Olympica
549 2014 583 2043 et
617 2011 771 2055 Pythion
815 2013 851 2045 in
888 2011 1145 2045 Germanicam
1182 2012 1345 2056 linguam
1380 2011 1572 2052 convertit;
1616 2015 1694 2045 tum

320 2069 430 2102 etiam
456 2071 598 2105 selecta
636 2075 796 2107 carmina
828 2075 939 2108 edidit
972 2073 1129 2107 Berolin.
1158 2073 1258 2107 1786.
1286 2074 1319 2107 8.
1370 2074 1426 2118 [C.
1454 2075 1498 2107 D.
1521 2072 1692 2107 Beckii

318 2130 484 2164 editionis
517 2132 614 2176 Lips.
650 2134 903 2170 1792—1795.
939 2135 1149 2180 prodierunt
1182 2136 1251 2168 dno
1282 2135 1479 2169 volumina.
1535 2136 1692 2169 Textum

317 2192 509 2235 aliquoties
540 2195 633 2228 bene
668 2197 851 2241 correxit]
909 2198 1150 2231 Laudandum
1186 2198 1297 2231 etiam
1330 2198 1357 2231 Ι.
1386 2196 1592 2230 Gurlitti
1615 2200 1691 2230 stu-

317 2253 436 2295 dium,
469 2255 528 2297 qni
555 2268 620 2299 per
644 2258 793 2302 longam
816 2258 947 2291 seriem
981 2270 1155 2292 annorum
1179 2259 1463 2303 programmatis
1497 2258 1692 2292 scholasti-

319 2314 370 2347 cis
395 2315 583 2350 versiones
609 2318 845 2353 Germanicas
869 2321 999 2352 horum
1025 2321 1225 2354 carminum
1254 2332 1335 2353 cum
1358 2318 1689 2353 Animadversioni-

318 2376 385 2409 bus
412 2378 541 2420 edidit,
577 2384 610 2413 ct
632 2381 718 2414 licet
740 2392 809 2413 non
832 2380 1022 2413 instructus
1048 2381 1232 2421 omnibus,
1266 2380 1395 2423 quibus
1429 2391 1520 2424 opus
1556 2384 1609 2413 est
1642 2381 1690 2415 ad

316 2439 592 2481 explicationem
626 2446 754 2485 poetae
787 2441 1014 2482 difficillimi,
1049 2443 1163 2474 multa
1189 2445 1310 2474 tamen
1334 2441 1439 2475 utilia
1463 2441 1618 2482 notavit3
1651 2441 1688 2475 in

315 2499 499 2534 versiones
543 2507 665 2536 autem
708 2504 842 2536 nollem
883 2503 928 2536 ad
963 2502 1128 2535 Gedickii
1169 2505 1374 2546 exemplum
1407 2503 1688 2538 exclamationes

314 2561 491 2596 intulisset
515 2564 691 2606 plurimas
715 2575 737 2597 a
761 2564 907 2597 Pindari
932 2564 1113 2609 gravitate
1137 2564 1309 2597 alienas.”

403 2624 538 2668 Heynii
570 2625 674 2659 crisin
709 2626 808 2659 haud
841 2626 971 2660 leviter
995 2627 1209 2660 adiuverunt
1233 2625 1329 2659 docti
1353 2627 1458 2669 Itali,
1493 2628 1686 2672 Minga-

312 2685 439 2727 relli,
464 2688 780 2722 commentationes
804 2689 999 2730 metricae,
1031 2688 1090 2731 qui
1115 2689 1230 2722 multa
1253 2688 1492 2733 sagacissime
1517 2688 1684 2722 correxit.

313 2747 355 2780 G.
383 2749 646 2784 Hermanni
680 2754 714 2784 et
737 2751 846 2795 Aug.
873 2750 1112 2785 Boeckhii
1138 2750 1183 2784 de
1207 2751 1364 2785 Pindaro
1389 2752 1518 2786 merita
1542 2750 1683 2786 maiora
1726 2752 1729 2785 .’

1737 2713 1740 2738 Ι
