1751 2986
1381 112 1456 140 va

89 202 122 236 ei
147 201 269 236 vidisti
294 205 505 246 conceptam
529 204 610 236 ante
628 202 916 246 descriptionem.
963 203 1095 236 Verum
1118 204 1154 237 in
1188 205 1288 238 viam
1313 208 1350 239 ut
1372 207 1456 240 red-

89 274 192 305 eam,
225 263 381 307 peractis
406 263 570 297 omnibus
602 275 696 307 quae
720 264 877 298 indicavi
902 265 1056 310 negotiis
1092 265 1299 300 absolutum
1329 267 1458 300 credas

87 325 291 368 interpretis
315 335 461 364 munus3
496 324 581 367 quid
604 324 699 357 enim
723 326 922 359 desiderari
946 327 1100 369 amplius
1125 331 1252 371 potest,
1276 327 1338 360 ubi
1362 328 1456 362 infe—

87 386 173 420 riori
191 390 227 420 et
251 386 370 420 altiori
395 397 488 429 quae
507 387 620 430 vulgo
643 386 771 419 dicitur
791 388 1082 421 hei-meneuticae
1105 400 1168 431 pro
1190 389 1327 422 viribus
1351 389 1457 423 satis-

86 447 211 482 facere
235 446 435 481 studuerit?
490 448 657 481 Profecto
692 448 783 482 nihil
817 453 1007 491 praetcrea
1040 449 1085 482 ab
1112 460 1155 481 eo
1180 451 1390 493 postulabo,
1425 451 1456 485 si

87 510 195 544 modo
219 520 350 543 revera
374 513 490 542 totum
515 510 704 553 problema
728 512 870 544 solvere
895 511 1018 554 potuit.
1074 511 1117 544 At
1143 511 1238 544 enim
1271 512 1349 554 quis
1384 523 1454 545 non

86 571 186 606 videt
209 571 319 605 etiam
344 575 545 604 ceterorum
567 571 765 604 carminum
784 572 1091 615 comparationem
1115 573 1288 606 accedere
1308 574 1456 616 debere,

86 636 126 667 ut
159 634 220 666 vel
243 644 353 665 unum
382 632 450 665 rite
482 632 667 676 explices?
721 633 799 667 Non
831 635 958 677 loquor
994 634 1038 666 de
1063 635 1139 666 solo
1175 634 1346 667 orationis
1377 646 1456 677 usu,

86 705 196 738 quem
219 697 358 727 constat
381 693 517 726 nonnisi
542 693 702 738 diligenti
727 695 886 728 omnium
911 696 1111 728 carminum
1140 695 1292 728 lectione
1319 707 1454 740 cogno-

84 755 149 798 sci,
173 755 237 789 sed
260 756 369 788 etiam
399 755 443 788 de
467 755 608 797 reliqua
632 755 883 798 explicatione.
931 756 1091 789 l'rimum
1121 757 1216 789 euim
1241 758 1453 792 sententiam

85 816 256 851 carminis
277 815 434 860 Epinicii
457 815 634 849 erraverit
657 816 728 859 qui,
753 818 913 860 perlecto
939 828 993 858 eo,
1019 818 1142 850 credat
1166 819 1331 851 continuo
1356 825 1453 853 recte

84 889 124 913 se
144 877 386 920 definiturum,
404 877 471 910 nisi
491 877 648 920 plurium
673 879 871 912 carminum
886 879 1152 923 comparatione
1169 880 1346 922 didicerit,
1365 891 1455 925 qua.-

84 942 138 976 les
161 951 295 984 ponere
319 939 380 973 hic
403 941 519 973 soleat
538 939 713 973 Pindarus
729 941 934 981 sententias,
962 943 1085 984 quales
1109 952 1177 974 non
1202 946 1322 985 ponat.
1369 943 1452 987 Ego

84 1005 182 1035 certe
206 1013 316 1045 quum
339 1001 496 1045 primum
518 1001 553 1034 in
577 1001 774 1035 Pindarum
798 1008 1073 1044 commentarer‚
1098 1004 1295 1036 multorum
1319 1004 1454 1037 carmi-

84 1074 170 1097 num
193 1062 405 1096 sententiam
430 1066 466 1096 et
482 1063 779 1106 compositionem
801 1075 871 1096 non
891 1068 1102 1107 assequutus
1127 1076 1207 1098 sum
1225 1069 1335 1107 recte,
1359 1067 1453 1109 quod

83 1125 241 1158 formam
273 1128 309 1158 et
341 1124 519 1158 rationem
553 1126 683 1158 horum
714 1124 912 1158 carminum
945 1126 1149 1159 universam
1184 1127 1341 1160 nondum
1365 1128 1452 1160 satis

83 1190 312 1231 perspectam
345 1186 539 1219 habebam.
597 1187 772 1220 Similiter
798 1188 890 1229 quod
916 1187 1025 1220 hodie
1049 1189 1093 1220 de
1119 1188 1390 1232 tragoediarum
1418 1194 1453 1222 et

85 1247 352 1282 comoediarum
376 1248 558 1281 sententiis
585 1248 734 1280 summis
759 1247 939 1291 disputare
967 1253 1130 1292 coeptum
1161 1255 1213 1282 est
1237 1254 1274 1282 ut
1297 1260 1451 1293 magno-

83 1321 171 1354 pere
195 1311 329 1350 laetor,
360 1320 430 1342 non
462 1314 580 1342 tamen
609 1309 788 1342 confidam
821 1310 876 1342 his
909 1311 1223 1353 disputationum,
1258 1315 1450 1354 antequam

84 1369 303 1413 comparatis
327 1370 490 1403 omnibus
515 1371 673 1403 eiusdem
700 1376 828 1414 poetae
852 1371 1025 1404 dramatis
1057 1372 1172 1415 qualis
1197 1372 1307 1405 suerit
1332 1372 1451 1405 cuius-

84 1444 152 1476 que
176 1432 268 1466 ratio
292 1431 433 1475 penitus
468 1436 656 1475 perspecta
674 1432 737 1474 sit,
770 1433 882 1466 veluti
908 1434 1178 1466 Welckerus
1211 1435 1253 1466 de
1278 1433 1451 1478 Aeschyli

84 1497 160 1528 arte
186 1493 316 1527 eximie
340 1492 522 1536 disputare
549 1493 677 1536 coepit.
731 1494 834 1536 Apud
860 1494 1053 1527 Pindarum
1087 1500 1206 1528 autem
1233 1507 1276 1528 ne
1297 1496 1341 1528 (le
1368 1506 1449 1528 car-

83 1554 218 1589 minum
243 1555 411 1588 universo
435 1565 539 1587 sensu
561 1558 697 1587 tantum
723 1556 861 1598 loquar,
887 1555 995 1588 etiam
1021 1556 1228 1590 fabularum
1254 1557 1449 1600 explicatio

82 1617 273 1651 adiuvatur
297 1627 519 1660 magnopere
545 1621 579 1649 et
604 1616 835 1650 confirmatur
855 1629 919 1650 usu
941 1622 1068 1660 poetae
1091 1619 1246 1662 cognito,
1272 1618 1450 1662 imprimis

83 1678 146 1712 ubi
169 1678 424 1712 historicarum
448 1689 570 1711 rerum
587 1678 744 1723 cognitio
771 1679 880 1712 deest.
913 1679 973 1712 Sic
991 1679 1093 1712 Nem.
1114 1681 1155 1713 X.
1178 1692 1246 1723 quo
1261 1680 1386 1714 fabula
1404 1680 1449 1713 de

81 1738 264 1773 Dioscuris
288 1741 424 1782 spectet
448 1750 517 1771 non
541 1739 712 1772 traditum
738 1744 790 1773 cst
815 1740 849 1773 iu
875 1741 1032 1774 Scholiis
1065 1753 1130 1774 nec
1156 1746 1254 1784 patet
1278 1745 1402 1784 aperte
1428 1752 1448 1774 e

83 1800 212 1834 ceteris
236 1804 365 1844 poetae
389 1800 533 1841 verbis3
565 1804 683 1834 tamen
709 1812 776 1833 nou
811 1802 933 1834 dubito
959 1803 1093 1835 amoris
1129 1801 1279 1834 fraterni
1301 1802 1447 1834 laudem

81 1862 210 1905 inesse,
227 1862 328 1896 cuius
343 1863 550 1906 exemplum
570 1873 750 1895 summum
768 1869 867 1896 erant
883 1864 1126 1907 Tyndaridae,
1145 1863 1447 1906 quemadmodum

80 1924 290 1968 saepissime
307 1925 402 1968 apud
420 1924 615 1957 Pindarum
640 1935 722 1957 cum
748 1922 881 1969 ἀνδρίᾳ
901 1925 1011 1957 aliam
1034 1924 1200 1956 virtutem
1221 1922 1447 1955 coniunctam

81 1984 248 2019 vidimus.
293 1984 369 2019 Nec
392 1985 494 2019 Nem.
519 1986 557 2018 V.
589 1986 716 2019 fabula
745 1986 789 2018 de
814 1986 924 2018 Peleo
950 1996 1040 2017 nunc
1064 1984 1128 2017 tibi
1153 1984 1306 2015 obscura
1331 1987 1449 2026 potest

82 2057 179 2090 esse,
214 2047 245 2081 si
269 2059 313 2081 ex
336 2047 580 2090 superioribus
604 2047 810 2080 memineris
835 2047 943 2080 etiam
968 2045 1209 2091 σωφροσύνης
1234 2044 1447 2077 admonitio-

81 2119 164 2142 nem
177 2120 258 2142 cum
269 2106 422 2153 ἀνδρίας
441 2109 550 2141 laude
568 2112 650 2151 apte
669 2107 847 2152 coniungi.
873 2107 1233 2151 Pyth.lX.fabulam
1249 2106 1292 2138 de
1305 2106 1448 2150 Cyrcna

82 2168 200 2213 primo
234 2169 407 2212 adspectu
430 2170 555 2202 credas
579 2173 726 2213 propter
749 2170 865 2202 solam
893 2168 991 2201 urbis
1015 2169 1161 2202 laudem
1185 2167 1360 2211 positam,
1395 2167 1446 2201 uti

82 2230 192 2264 etiam
209 2230 386 2264 creditum
405 2236 458 2264 est
472 2235 574 2271 ante3
600 2230 661 2263 ubi
680 2242 766 2263 vero
784 2229 942 2263 omnium
963 2230 1159 2262 carminum
1178 2229 1446 2273 comparatione

82 2291 250 2325 didiceris
273 2291 383 2326 etiam
408 2304 499 2336 quae
524 2292 623 2326 urbis
649 2303 755 2325 causa
780 2291 963 2335 proposita
984 2291 1174 2323 videantur
1201 2292 1246 2324 ad
1270 2290 1446 2324 vvictorem

81 2352 191 2387 simul
216 2354 405 2397 pertinere,
430 2354 627 2398 videasque
652 2354 779 2387 deiude
804 2353 837 2386 in
864 2356 938 2385 tota
956 2351 1160 2384 narratione
1180 2353 1313 2385 amoris
1338 2351 1446 2385 casti-

81 2417 195 2448 tatem
220 2420 255 2449 et
279 2416 490 2459 pudicitiam
512 2416 672 2457 tractari,
707 2426 776 2448 non
801 2414 928 2447 dubius
954 2414 999 2446 ad
1024 2413 1282 2447 Telesicratem
1306 2414 1446 2446 referas

83 2476 223 2518 omnia,
254 2481 293 2512 ut
324 2477 404 2511 aliis
435 2478 470 2511 in
502 2477 721 2511 carminibus
754 2488 837 2509 cum
870 2475 976 2508 laude
1001 2473 1142 2507 virtutis
1175 2475 1369 2509 admonitio
1394 2479 1447 2508 est

84 2538 284 2573 coniuncta.
325 2540 404 2574 Non
429 2551 518 2584 opus
543 2545 596 2574 est
621 2539 805 2583 pluribus;
831 2537 943 2577 vides,
968 2535 1053 2578 quid
1078 2535 1207 2569 dicam.
1255 2538 1336 2570 Hoc
1362 2546 1445 2580 ago,

83 2601 122 2632 ut
153 2609 221 2633 non
254 2600 379 2644 perfici
409 2613 518 2646 -posse
546 2602 678 2636 horum
710 2600 912 2635 carminum
938 2596 1215 2642 explicationem
1247 2598 1444 2639 ostendam,

1057 2657 1175 2683 *****
