1751 2986
1304 210 1423 236 xxxix

62 303 142 335 sunt
165 300 361 334 sententiae
383 300 419 334 in
442 300 486 334 iis
509 299 653 340 fabulis,
677 310 768 342 quae
794 301 891 334 laudi
925 301 1132 342 inserviunt,
1164 305 1269 344 atque
1296 302 1426 336 absunt

62 374 86 397 a
107 362 229 396 multis
250 362 360 395 huius
383 360 546 406 generiS‚
576 364 616 394 ut
638 361 693 394 01.
719 362 775 394 Vl.
800 363 861 395 lx.
887 363 948 395 XI.
978 362 1086 406 Pyth.
1111 362 1151 395 V.
1176 363 1268 396 vlu.
1294 363 1422 396 Isthm.

62 424 90 457 1.
116 423 179 456 111.
202 423 259 455 lv.
284 423 346 462 V.;
372 421 548 466 imprimis
571 433 657 455 vero
682 423 907 466 reperiuntur
931 427 966 456 et
989 423 1066 456 iure
1092 423 1247 466 quidem,
1271 424 1335 457 ubi
1358 425 1422 459 ad—

60 484 273 518 monitiones
303 487 477 528 aguntur,
509 492 712 525 quanquam
747 495 791 516 ne
823 484 948 517 in-his
983 484 1126 527 quidem
1162 485 1350 527 omnibus,
1383 491 1422 521 ut

59 546 166 590 Pyth.
191 546 234 578 X.
263 545 366 579 Nem.
391 545 430 576 V.
455 543 580 576 Isthm.
604 543 699 585 vn„
735 545 763 577 si
789 547 845 578 vel
878 546 994 578 lenior
1019 550 1053 579 et
1076 546 1203 579 tectior
1226 548 1422 581 admonitio

59 611 124 648 est,
147 608 209 641 vel
231 606 313 640 aliis
336 607 373 640 in
396 605 485 639 locis
509 604 678 637 carminis
702 606 835 639 dictum
860 611 1031 650 quantum
1057 608 1153 641 satis.
1201 608 1422 652 Plerumque

58 672 180 703 tamen
212 670 381 714 leguntur
404 667 438 700 in
462 666 593 699 talibus
616 666 763 709 fabulis,
789 679 880 710 quae
904 669 980 701 vim
1005 668 1218 701 narrationis
1242 669 1422 711 adiuvent,

57 733 95 764 et
115 731 231 764 solent
254 729 365 763 etiam
388 728 504 771 repeti
527 729 654 761 eadem
678 729 821 770 saepius
845 732 908 761 aut
930 728 1077 770 similia,
1101 732 1141 762 ut
1155 728 1212 762 Ol.
1229 729 1305 762 VII.
1326 729 1419 762 vidi-

58 802 148 824 mus.
197 791 256 824 Sic
276 790 386 823 etiam
404 788 506 822 Nem.
526 789 608 829 lx„
633 789 696 821 ubi
720 789 932 822 Chromium
957 800 979 822 a
1000 790 1098 823 bello
1121 790 1307 823 dehortari
1331 792 1420 832 vult,

57 853 151 897 quod
173 856 250 886 tum
273 851 368 885 forte
392 850 600 895 agitabatur
621 861 643 883 a
669 851 905 894 Syracusanis
929 850 1170 894 principibus,
1202 851 1361 894 primum
1384 852 1419 885 in

56 915 162 948 laude
181 913 324 947 Adrasti
341 925 374 946 v.
391 912 442 946 15.
461 912 565 945 dicit:
591 910 752 956 κρέσσων
771 909 811 944 δὲ
828 911 1019 946 καππαύει
1039 912 1146 946 δίκαν
1166 911 1236 945 τὰν
1253 911 1420 957 πρόσθεν
1443 912 1453 920 '

56 971 163 1019 οἷνήρ,
185 975 353 1018 probans,
378 973 473 1016 quod
497 972 531 1005 in
548 972 813 1006 Commentario
834 985 901 1006 non
921 974 1056 1016 notavi,
1081 975 1284 1016 Adrastum,
1309 985 1419 1017 quum

56 1036 249 1080 pacificam
273 1040 429 1068 mentem
451 1034 603 1067 haberet
625 1038 660 1066 et
680 1035 773 1066 ultro
799 1034 832 1067 in
856 1034 1012 1079 gratiam
1037 1035 1170 1069 rediret
1194 1048 1276 1069 cum
1301 1036 1420 1069 inimi-

55 1097 118 1138 cis,
141 1107 323 1130 summam
341 1096 536 1139 potentiam
555 1100 812 1139 consequutum
833 1100 867 1129 et
887 1096 1136 1130 felicissimum
1160 1097 1319 1137 factunm
1345 1101 1420 1130 tum

54 1157 251 1191 infaustum
275 1158 411 1191 bellum
431 1162 554 1191 contra
574 1157 723 1190 Thebas
741 1170 849 1201 quum
865 1163 1056 1199 narrasset,
1081 1158 1115 1190 in
1132 1158 1204 1191 fine
1221 1171 1254 1191 v.
1272 1158 1328 1191 27.
1347 1158 1418 1192 ait:

0 1254 1 1259 ,
54 1216 93 1254 ἔν
109 1217 179 1264 γὰρ
194 1218 417 1262 δαιμονίοισι
434 1216 569 1263 φόβοις
592 1218 770 1261 φεύγοντι
786 1220 848 1253 καὶ
865 1221 996 1260 παῖδες
1012 1220 1126 1254 θεῶν.
1161 1220 1265 1253 Vides
1282 1225 1418 1253 utram*

54 1291 122 1324 que
149 1280 361 1314 sententiam
391 1279 518 1313 eodem
547 1279 733 1322 pertinere.
781 1280 954 1314 Similiter
981 1282 1039 1315 01.
1067 1282 1093 1314 1.
1119 1293 1210 1324 quac
1232 1282 1417 1315 dicunntur:

12 1349 15 1353 “
54 1339 188 1386 ἁμέραι
206 1339 238 1375 δ’
258 1338 443 1375 ἐπίλοιποι
455 1339 637 1386 μάρτυρες
660 1339 888 1384 σοφώτατοι,
914 1341 987 1376 ἔστι
1013 1338 1045 1376 δ’
1063 1340 1170 1386 ἀνδρὶ
1196 1340 1318 1385 φάμεν
1341 1341 1417 1377 ἐοι-

55 1401 120 1442 κὸς
145 1400 243 1446 ἀμφὶ
266 1400 457 1446 δαιμόνων
480 1400 594 1445 καλά,
629 1401 709 1445 ἐμοὶ
735 1398 767 1436 δ’
792 1398 916 1447 ἄπορα
939 1404 1211 1447 γαστρίμαργον
1242 1403 1419 1448 μακάρων

17 1483 21 1486 ·
54 1462 124 1500 τιν’
149 1465 277 1504 εἰπεῖν,
302 1464 338 1498 εἰ
358 1462 399 1498 δὲ
423 1461 517 1498 θεὸν
540 1459 637 1508 ἀνήρ
660 1476 715 1502 τις
735 1464 882 1498 ἔλπεταί
905 1477 940 1497 τι
961 1463 1122 1506 λαθέμεν
1143 1463 1271 1507 ἔρδων,
1297 1464 1417 1510 ἆμαρ-

53 1525 179 1567 τάνει,
199 1525 294 1558 haec
323 1524 435 1569 igitur
459 1525 525 1558 etsi
550 1525 705 1568 primum
731 1528 878 1567 propter
902 1523 1047 1567 Pelopis
1081 1530 1117 1558 et
1139 1526 1287 1559 Tantali
1311 1526 1418 1560 fabu—

54 1589 108 1622 las
131 1587 228 1620 dicta
250 1590 350 1627 sunt,
383 1590 502 1619 tamen
535 1597 625 1619 nunc
650 1598 718 1619 non
741 1586 864 1619 dubito
889 1585 996 1618 etiam
1020 1586 1190 1619 Hieronis
1219 1598 1328 1621 causa
1352 1589 1417 1621 ad-

54 1660 134 1683 esse
157 1647 300 1689 omnia,
324 1647 386 1691 qui
410 1648 489 1692 pius
513 1651 548 1681 et
571 1648 765 1692 religiosus
788 1658 866 1681 esse
890 1648 1018 1688 debet,
1052 1659 1162 1690 quum
1184 1647 1298 1692 impia
1320 1661 1416 1683 sem—

54 1722 118 1755 per
150 1710 358 1754 puniantur,
398 1721 464 1743 nec
499 1710 545 1744 sit
579 1710 674 1754 quod
697 1721 765 1743 non
799 1710 886 1743 deus
918 1709 1181 1743 animadvertat
1209 1716 1244 1743 et
1276 1714 1419 1754 tempus

53 1772 248 1816 aliquando
271 1771 422 1815 aperiat.
480 1772 520 1805 In
545 1771 649 1816 epica
672 1772 771 1816 poesi
802 1771 917 1805 sicubi
941 1771 1030 1805 talia
1053 1772 1241 1816 leguntur,
1273 1775 1417 1815 propter

53 1835 171 1868 solum
195 1844 325 1867 nexum
348 1844 469 1867 rernm
494 1833 590 1868 dicta
612 1837 711 1872 sunt3
735 1832 772 1865 in
794 1832 911 1876 lyrica
937 1843 1022 1865 vero
1046 1832 1153 1866 simul
1177 1834 1222 1866 ad
1248 1845 1418 1877 praesen-

54 1898 127 1929 tem
151 1895 327 1929 victorem
350 1895 545 1939 pertinent,
568 1899 604 1929 et
626 1895 688 1928 vix
713 1896 784 1935 est,
820 1894 948 1934 credo,
982 1894 1189 1927 huiusmodi
1214 1896 1298 1938 quid
1322 1896 1417 1939 apud

55 1956 263 1998 Pindarum,
288 1957 382 2000 quod
405 1967 473 1990 non
490 1957 601 1990 simul
616 1955 864 2000 praesentibus
888 1954 996 1987 rebus
1022 1957 1335 1989 accommodatum
1357 1957 1416 1996 sit,

54 2018 358 2061 quemadmodum
382 2018 486 2052 decet
509 2018 710 2062 perfectum
729 2017 894 2062 lyricum.
935 2016 995 2048 Sic
1015 2016 1072 2048 01.
1087 2016 1188 2057 xm,
1205 2015 1261 2048 83.
1282 2016 1412 2050 verba:

52 2081 149 2113 τελεῖ
176 2079 279 2113 θεῶν
310 2078 468 2122 δύναμις
498 2078 561 2112 καὶ
585 2077 655 2112 τὰν
679 2075 765 2122 παρ’
790 2076 902 2121 ὅρκον
937 2077 1000 2110 καὶ
1032 2075 1134 2121 παρὰ
1158 2075 1289 2111 ἐλπίδα
1322 2090 1418 2111 κου-

52 2151 132 2182 φαν
153 2139 282 2181 κτίσιν,
307 2139 462 2182 primum
484 2144 630 2183 propter
646 2139 965 2182 Bellerophontem
985 2138 1082 2171 dicta
1099 2142 1190 2181 sunt,
1214 2139 1278 2172 sed
1296 2140 1419 2183 quidni

53 2201 164 2235 etiam
198 2200 427 2243 Xenophonti
458 2201 618 2234 animum
657 2199 878 2239 addiderint,
921 2198 982 2242 qui
1021 2201 1184 2233 curulem
1224 2201 1414 2234 victoriam

52 2260 323 2296 meditabatur?
377 2262 629 2296 Pulcherrima
660 2261 756 2295 enim
789 2271 848 2294 ars
880 2260 1026 2294 Pindari
1056 2264 1129 2303 est,
1163 2263 1258 2306 quod
1293 2263 1416 2296 multis

52 2324 170 2357 modis
192 2323 228 2357 in
252 2323 412 2357 carmine
435 2324 608 2367 dissipata
632 2326 771 2357 exstant
802 2333 893 2366 quae
925 2323 1053 2355 eodem
1075 2324 1269 2367 pertinent,
1301 2326 1416 2370 vulgo

54 2396 125 2418 non
147 2385 410 2426 animadversa,
434 2384 503 2418 nisi
526 2384 680 2428 penitius
699 2384 913 2430 cognoveris
929 2387 1086 2427 poetam.
1119 2385 1295 2419 Similiter
1312 2386 1416 2420 Nem.

52 2447 82 2488 1,
104 2446 161 2480 53.
184 2447 281 2490 quod
302 2446 457 2491 legitur:
489 2443 532 2480 τὸ
558 2444 627 2491 γὰρ
653 2447 791 2481 οἰκεῖον
813 2444 927 2486 πιέζει
949 2441 1067 2478 πάνθ’
1091 2443 1210 2490 ὁμιός·
1243 2446 1361 2488 εὐθὺς
1383 2446 1417 2481 δ’

0 2517 1 2525 ’
52 2507 212 2552 ἀπήμων
244 2509 380 2554 κραδία
411 2508 526 2548 κᾶδος
556 2505 650 2552 ἀμφ’
682 2505 893 2551 ἀλλότριον,
931 2506 1065 2540 dictum
1101 2508 1146 2541 de
1176 2508 1417 2543 Cadmeorum

0 2569 2 2573 ’
53 2569 295 2614 principibus3
322 2569 386 2613 qui
413 2567 580 2602 convivio
611 2568 752 2612 excepti
784 2569 830 2602 ab
852 2568 1114 2612 Amphitryone
1146 2579 1218 2603 una
1249 2581 1333 2603 cum
1357 2580 1414 2611 eo,

0 2624 3 2647 ³
53 2631 225 2665 Herculis
253 2642 342 2666 casu
371 2630 562 2672 commoti,
595 2633 800 2672 accurrunt,
832 2640 901 2663 non
932 2629 1050 2663 minus
1081 2632 1200 2665 tamen
1234 2631 1345 2665 etiam
1368 2630 1415 2664 ad

0 2688 3 2708 ²
54 2690 270 2727 caroniam
290 2692 466 2737 pertinet,
496 2692 559 2736 qui
580 2691 655 2727 iam
678 2695 760 2727 ante
784 2702 828 2726 eo
851 2690 996 2725 nomine
1017 2691 1187 2726 laudatus
1210 2696 1286 2735 est,
1320 2691 1414 2736 quod
