1751 2986
1434 135 1539 162 Lxxv

179 225 218 260 Si
242 227 364 259 antem
393 225 566 259 archonte
589 223 704 259 Bione
736 225 844 268 obiit,
875 236 945 259 non
976 224 1135 269 potuisse
1158 225 1255 259 ultra
1279 236 1389 263 annos
1412 227 1539 260 LXIII.

178 290 215 321 et
250 297 401 320 .menses
447 297 578 320 novem
623 286 796 318 habuisse
843 286 1100 320 demonstravit
1141 285 1417 329 Boedzhius,
1465 288 1539 331 qni,

177 351 367 392 postquam
407 348 528 381 varias
565 347 722 380 rationes
765 347 918 380 aliorum
960 348 1041 390 plus
1081 347 1246 380 minusve
1279 348 1540 391 improbabiles

178 409 347 451 elevavit,
372 420 414 444 eo
438 409 585 443 inclinat
608 408 696 451 ipse,
722 411 760 441 ut
784 408 840 442 01.
868 409 991 450 LXIV,
1015 408 1048 441 3.
1073 412 1191 448 natus,
1215 408 1271 442 Ol.
1296 409 1490 450 LXXXIV,
1503 409 1537 442 3.

176 474 338 504 mortuus
369 471 551 515 octoginta
589 480 701 503 annos
734 470 952 514 impleverit.
1007 471 1172 513 Eamque
1202 469 1379 502 rationem
1415 474 1539 503 contra

176 542 260 574 eos,
294 531 356 574 qui
389 532 533 576 Olymp.
567 530 798 573 Lxxx‚2s3.
834 532 1041 565 defunctum
1076 534 1240 572 censent,
1281 531 1332 564 ita
1365 532 1538 573 vindicat,

174 595 216 625 ut
237 593 424 635 complura
458 593 619 626 carmina
652 595 745 626 ultra
770 594 914 639 Olymp.
939 593 1101 626 Lxxxl.
1135 593 1376 633 removenda,
1410 592 1538 636 Olym-

175 653 277 696 pium
317 657 482 696 quartum
525 658 560 687 et
593 654 751 698 quintum
789 655 999 700 Olympiadi
1029 655 1217 697 LXXXII,
1251 654 1283 686 1.
1319 653 1538 699 assignanda

175 713 292 747 videri
315 715 516 747 contendat.
540 735 585 740 ——

265 775 396 809 Boeoti
421 777 586 819 quamvis
608 778 756 820 reliquis
774 776 935 817 Graecis,
963 776 1119 809 maxime
1144 775 1306 809 finitimis
1326 775 1450 809 Atticis
1470 776 1537 808 ho-

173 836 342 879 minibus,
365 837 525 882 ingenito
543 840 697 881 quodam
711 844 855 883 stupore
879 839 1043 881 miraque
1062 838 1190 871 inertia
1215 841 1250 869 et
1270 837 1390 869 animo
1410 838 1456 870 ab
1478 847 1537 870 ar-

173 897 264 932 tium
288 899 472 942 omnisque
496 900 634 934 Atticae
658 901 863 946 elegantiae
885 901 1003 934 studio
1027 910 1156 933 averso
1179 899 1334 932 infames
1359 899 1538 931 haberen-

173 963 248 1003 tur,
281 964 402 994 tamen
426 960 709 995 Heliconiadum
742 963 928 995 Musarum
962 963 1067 996 sedes
1092 962 1138 995 ab
1163 960 1316 1004 antiquis
1339 961 1420 994 inde
1444 964 1537 993 tem-

173 1022 323 1066 poribus
359 1027 466 1057 cantu
498 1028 534 1057 et
565 1023 783 1057 carminibus
815 1025 975 1068 impense
1008 1024 1202 1069 gaudebat.
1255 1022 1388 1065 Epicos
1412 1026 1537 1065 poetae

173 1089 350 1129 genuerat
370 1085 566 1118 Ascraeum
592 1087 789 1119 Hesiodum
815 1091 850 1120 et
874 1085 1060 1119 Cliersiam
1085 1084 1380 1125 Orchomenium,
1405 1084 1537 1128 lyricas

172 1146 330 1190 poetrias
355 1147 547 1180 Corinnam
571 1148 828 1192 Tanagracam
861 1152 895 1181 ct
920 1147 1115 1192 Myr-tidem
1138 1146 1416 1180 Anthedoniam.
1464 1145 1537 1180 Sed

172 1207 384 1250 probrosum
414 1210 513 1253 genti
543 1209 777 1252 proverbium
810 1209 915 1253 idque
946 1208 992 1242 ab
1017 1208 1135 1242 Attica
1170 1208 1306 1241 invidia
1332 1209 1536 1251 profectum

171 1270 333 1303 Βοιωτία
369 1264 413 1309 ὗς
450 1269 485 1302 in
524 1271 749 1314 splendidum
791 1272 899 1304 decus
941 1271 1050 1303 vertit
1090 1270 1248 1303 maxime
1288 1269 1464 1302 Pindarus
1488 1270 1535 1311 7).

172 1330 290 1373 Quem
321 1331 465 1374 quidem
495 1338 660 1375 parentes
690 1335 878 1376 pucrulum
909 1332 1131 1366 tradiderunt
1164 1331 1355 1375 Scopelino
1386 1331 1536 1372 tibicini,

173 1391 234 1435 qui
265 1389 334 1435 τὴν
359 1391 558 1436 αὐλητικὴν
589 1393 732 1436 ἐδίδαξε
758 1393 823 1428 τὸν
847 1396 986 1434 παῖδα,
1019 1394 1184 1427 Eustath.
1207 1392 1262 1425 25.
1288 1405 1322 1436 p.
1348 1392 1403 1426 15.
1456 1394 1536 1436 Qua

172 1453 208 1486 in
231 1458 308 1487 arte
333 1454 379 1487 ab
404 1453 482 1497 ipsa
506 1455 691 1497 Minerva,
724 1461 762 1489 ut
785 1456 971 1496 ferebant,
997 1456 1093 1499 apud
1119 1467 1157 1488 sc
1182 1447 1348 1497 reperta,
1372 1466 1407 1487 v.
1434 1454 1534 1487 l'ind.

172 1515 279 1560 Pyth.
301 1516 380 1556 XII,
398 1515 443 1549 18
459 1527 570 1560 scqq.‚
594 1516 733 1557 Boeoti,
759 1517 889 1560 quibus
912 1519 1056 1550 lacuum
1081 1516 1310 1558 amniumque
1335 1515 1436 1558 ripae
1460 1515 1536 1548 exi—

170 1577 263 1611 mias
287 1578 476 1611 arundines
500 1578 651 1622 largiter
677 1579 894 1620 offerebant,
926 1580 971 1611 ab
998 1579 1142 1622 antiquo
1167 1577 1247 1611 inde
1272 1581 1434 1620 tempore
1458 1578 1535 1609 ela-

170 1639 399 1672 boraverant.
446 1639 550 1682 Isque
575 1643 650 1672 tum
673 1639 771 1673 illius
795 1641 882 1674 artis
907 1642 1021 1673 honos
1046 1652 1126 1673 cum
1151 1639 1264 1672 sacris
1282 1639 1430 1671 deorum
1451 1649 1536 1670 con-

169 1700 312 1734 iunctae
337 1705 372 1734 et
395 1702 455 1734 vel
482 1702 765 1745 legumlatorum
789 1713 875 1735 cura
900 1703 1172 1736 commendatae
1195 1721 1235 1726 —-
1260 1701 1444 1734 Plutarch.
1467 1701 1535 1734 Pe-

170 1763 243 1806 lop.
278 1761 333 1795 19.
370 1781 408 1788 —
446 1763 539 1796 inter
570 1762 724 1797 Boeotos
766 1762 878 1797 fuisse
911 1765 1074 1806 videtur,
1111 1768 1150 1797 ut
1189 1765 1249 1797 vel
1291 1763 1536 1796 nobilissimae

170 1824 334 1858 familiae
357 1835 467 1868 puero
492 1835 561 1857 non
585 1825 753 1858 dedecori
775 1825 856 1858 fore
881 1830 1079 1869 putaretur.
1127 1826 1219 1859 Nam
1244 1825 1335 1867 quod
1354 1824 1535 1856 familiam

170 1885 332 1927 Pindari,
374 1896 481 1928 quam
522 1885 708 1918 tibicinum
740 1885 851 1919 fuisse
892 1898 984 1930 quac
1018 1887 1062 1919 de
1103 1885 1310 1929 parentibus
1351 1885 1536 1917 tradantur

171 1951 372 1980 monstrare
406 1946 540 1986 videri,
572 1947 793 1980 hereditario
830 1947 907 1979 iure
939 1947 1044 1979 certis
1075 1946 1111 1978 in
1142 1947 1293 1978 deorum
1314 1946 1535 1978 solemnibus

170 2008 346 2041 musicam
371 2007 592 2048 exercuisse,
626 2007 784 2040 maxime
820 2008 855 2040 in
889 2010 984 2041 cultu
1012 2008 1170 2051 Magnae
1195 2006 1323 2039 Matris
1357 2010 1391 2039 et
1413 2006 1534 2048 Panis,

172 2069 422 2112 suspicabatur
453 2069 738 2109 Boeckhius‚
772 2080 878 2110 quem
912 2073 1054 2111 praeter
1086 2068 1177 2101 alios
1204 2068 1364 2111 sequitur
1388 2068 1534 2099 Muel-

173 2132 299 2164 lerus
323 2129 503 2162 Dorienss.
522 2129 549 2161 l.
576 2141 610 2172 p.
626 2128 712 2161 345:
740 2129 774 2161 id
800 2134 837 2162 ut
860 2130 1013 2172 pulchre
1038 2129 1282 2173 excogitatum
1307 2132 1359 2160 est
1381 2131 1415 2160 et
1437 2127 1535 2160 iuius

171 2191 299 2226 aetatis
331 2190 500 2225 institutis
533 2194 635 2233 apte,
677 2190 727 2223 ita
761 2194 923 2233 optatum
958 2191 1076 2235 magis
1111 2202 1219 2233 quam
1252 2191 1533 2223 demonstratum

171 2253 288 2287 videri
327 2253 442 2286 debet.
508 2252 580 2285 Nos
622 2255 780 2284 nostram
819 2252 1030 2286 sententiam
1063 2263 1174 2296 supra
1219 2251 1371 2295 professi
1400 2262 1533 2284 sumus.

170 2315 387 2358 Quanquam
432 2314 658 2346 sacerdotum
705 2325 853 2347 munere
899 2315 1057 2359 Aegidas
1103 2314 1246 2349 functos
1293 2317 1451 2354 constat3
1498 2324 1533 2346 v.

170 2377 242 2410 Mu
254 2375 395 2410 elleri
418 2375 590 2409 Orchom.
615 2387 649 2419 p.
674 2374 753 2409 228.

198 2502 234 2546 ⁷)
260 2501 470 2534 Themistius
504 2503 597 2533 Orat.
630 2501 778 2533 XXVII
798 2513 846 2554 ’.Ρ
872 2501 950 2534 334.
981 2501 1166 2534 Harduina
1202 2499 1277 2535 Καὶ
1305 2498 1382 2556 γὰρ
1400 2497 1446 2542 δὴ
1471 2498 1533 2532 καὶ

259 2545 300 2596 ἡ
319 2548 479 2582 Βοιωτία
510 2547 646 2603 χωρίον
682 2544 748 2590 μὲν
784 2543 952 2601 ἀμαθίας
983 2543 1078 2580 εἶναι
1111 2544 1234 2581 ἐδόκει
1266 2548 1327 2578 καὶ
1358 2540 1404 2579 ὗν
1438 2558 1534 2582 τινα,

259 2596 384 2636 οἶμαι,
417 2594 599 2626 Βοιωτίαν
624 2590 798 2631 ἐκάλουν,
822 2592 873 2632 εἰς
897 2590 1140 2625 απαιδευσίαν
1165 2591 1206 2626 τὸ
1233 2591 1350 2633 φῦλον
1374 2587 1533 2624 ἐπισκώ-

259 2649 432 2677 πτοντες·
460 2635 535 2672 ἀλλ’
559 2634 659 2680 ὅμως
671 2638 872 2691 Πίνδαρος
905 2637 968 2672 καὶ
991 2636 1156 2682 Κόριννα
1188 2634 1440 2675 naz‘H61'0609
1464 2632 1533 2670 οὐκ

259 2681 519 2728 ἐμολύνθησαν
543 2684 610 2728 τῆς
633 2681 712 2724 ‘1563-
