1751 2986
334 115 397 143 XVI

335 207 514 252 exagitat,
549 205 679 249 quibus
702 206 966 249 obsequebatur
985 205 1112 239 Hiero.
1145 224 1189 229 --
1223 205 1404 250 Pyth.1v.
1420 205 1485 240 fin.
1516 205 1692 249 Arcesilai

334 269 560 314 prudentiam
593 268 743 301 laudans
773 278 928 310 eumque
963 267 1144 300 medicum
1173 267 1330 301 civitatis
1361 267 1537 311 optimum
1560 267 1693 309 dicens,

334 331 385 364 sic
409 332 591 371 hortatur,
623 333 661 362 ut
685 329 757 362 leni
781 338 867 361 cura
890 329 989 361 mala
1014 328 1168 362 civitatis
1192 333 1304 362 sanet.
1339 347 1382 354 -
1415 328 1523 372 Pyth.
1548 328 1588 361 V.
1614 327 1691 362 init.

335 393 488 426 eundem
513 394 701 434 postquam
725 390 811 423 dixit
834 390 964 423 virtute
989 392 1179 433 praeclara
1205 394 1380 432 ornatum,
1405 389 1526 434 pergit
1548 389 1692 432 sapien-

333 458 388 487 tes
415 452 524 485 etiam
548 462 786 495 permagnam
808 451 900 484 bene
923 450 1019 484 ferre
1042 451 1274 493 felicitatem,
1310 455 1418 494 atque
1441 451 1492 484 ita
1517 452 1691 494 hortatur,

334 519 374 548 ut
398 515 477 558 pius
500 513 545 546 sit
567 524 630 545 rex
655 516 689 546 et
706 517 830 557 gratus
847 523 936 557 erga
953 513 1120 557 aurigam
1139 513 1357 556 amicosque.
1372 530 1415 537 --
1439 513 1547 556 Pytn.
1561 512 1622 553 XI,
1635 510 1693 546 50.

335 580 414 619 post
437 575 601 608 laudatas
624 574 794 606 victorias
808 574 970 607 familiae
985 574 1142 607 victricis
1158 574 1257 615 talia,
1284 573 1346 616 ait,
1365 574 1496 607 deeora
1516 573 1693 617 cupienda

334 640 414 670 sunt
447 635 616 669 divinitus
650 636 752 678 data,
786 646 869 669 nam
894 635 1026 669 iniusta
1057 639 1091 669 et
1113 639 1346 680 tyrannorum
1373 647 1449 668 sors
1472 635 1692 679 spernenda3

334 710 354 732 c
388 697 563 731 laudabili
596 696 707 740 ipsius
748 696 912 731 familiae
947 699 1112 740 exemplo
1144 697 1361 730 contrarium
1397 696 1628 733 dissuadens„
1648 713 1693 720 —-

332 758 436 793 Nem.
460 759 522 799 lx,
539 756 596 790 46.
621 758 819 803 magnifica
849 759 957 792 laude
987 758 1127 803 gloriae
1152 758 1318 792 militaris
1341 762 1553 800 ceteraeque
1577 756 1692 790 fortu-

333 831 400 854 nae
425 821 555 864 probat
586 821 674 853 satis
704 831 781 853 esse
806 820 976 853 Chromio
1001 820 1204 862 felicitatis,
1239 831 1304 852 nee
1328 820 1523 863 quidquam
1543 817 1694 851 ulterius

333 882 561 925 cupiendum,
586 883 692 924 quale
709 893 821 925 genus
840 881 1091 914 admonitionis
1107 881 1249 924 saepius
1266 881 1389 922 habet,
1413 884 1450 913 ut
1464 880 1521 913 01.
1538 880 1604 912 111.
1616 879 1693 920 fin.,

332 943 459 976 Istnm.
474 943 532 984 IV,
554 940 664 975 14.—-
687 942 788 975 Nem.
802 943 863 984 xl,
880 942 937 975 33.
962 944 1113 976 laudans
1137 943 1371 986 Aristagorae
1394 942 1577 981 virtutem,
1601 950 1694 983 quae

333 1008 412 1037 orta
437 1015 456 1036 e
478 1004 652 1036 Pisandro
679 1007 714 1035 et
736 1003 992 1046 Melanippidis
1016 1003 1162 1047 priscis,
1189 1008 1268 1047 post
1293 1003 1366 1036 alia
1390 1003 1577 1036 interiecta
1599 1005 1692 1034 tem-

331 1075 423 1109 pora
447 1077 539 1098 nunc
562 1065 598 1098 in
622 1064 699 1108 ipso
725 1065 851 1097 laetius
875 1065 1059 1107 revixerit,
1083 1076 1125 1097 ex
1150 1065 1219 1097 hac
1243 1064 1322 1107 ipsa
1345 1062 1589 1096 vicissitudine
1611 1061 1692 1095 viro

332 1126 535 1160 honorifica
567 1125 835 1158 observationes
871 1126 967 1158 ducit
998 1126 1041 1158 de
1074 1125 1322 1158 imbecillitate
1355 1125 1515 1156 humana
1540 1125 1575 1155 et
1599 1132 1690 1165 quae

332 1191 538 1231 sequuntur.
573 1186 754 1229 Imprimis
775 1198 860 1219 vero
885 1186 1062 1229 exquisita
1085 1187 1177 1220 ratio
1203 1189 1266 1228 est,
1293 1186 1352 1218 ubi
1379 1186 1414 1218 in
1438 1185 1545 1218 laude
1569 1194 1692 1217 rerum

333 1253 519 1294 gestarum
544 1252 577 1281 et
600 1247 784 1281 felicitatis
807 1259 872 1290 per
896 1259 1021 1290 preces
1052 1259 1116 1291 pro
1141 1246 1383 1280 incolumitate
1408 1244 1693 1279 imbecillitatem

331 1321 453 1342 rerum
477 1310 718 1342 humanarum
748 1308 932 1353 significat
963 1308 1292 1350 admonitionesque
1321 1308 1381 1340 dat
1403 1305 1623 1347 modestIae,
1653 1308 1693 1339 ut

331 1372 439 1415 Pyth.
459 1371 504 1411 X,
525 1370 569 1402 17
586 1380 683 1412 seqq.
710 1373 744 1403 et
768 1371 875 1413 Pyth.
895 1370 990 1411 vm,
1008 1369 1053 1402 72
1069 1381 1182 1412 seqq.,
1208 1373 1242 1402 et
1265 1368 1326 1401 hie
1352 1367 1496 1410 quidem
1517 1366 1575 1399 bis
1599 1365 1692 1399 redit

332 1434 379 1467 ad
401 1433 519 1473 idem,
555 1430 764 1474 interposita
788 1442 883 1463 nova
908 1434 1009 1473 parte
1034 1430 1169 1472 laudis,
1204 1429 1402 1473 repetitque
1427 1429 1462 1462 in
1484 1429 1556 1461 fine
1582 1427 1692 1461 etiam

331 1505 460 1538 preces
492 1493 629 1526 maiore
662 1503 745 1525 cum
776 1491 814 1524 vi
845 1492 1067 1536 singularem
1099 1492 1143 1524 ob
1177 1502 1336 1524 causam.
1383 1490 1544 1533 Denique
1569 1489 1691 1523 suavis

332 1555 442 1588 etiam
475 1553 547 1587 alia
580 1553 671 1586 ratio
705 1557 757 1586 est
786 1553 910 1586 Isthm.
932 1553 1086 1595 1139„
1120 1553 1186 1586 ubi
1219 1556 1298 1596 post
1322 1556 1539 1586 memoratas
1563 1550 1693 1595 proelii

333 1614 559 1649 calamitates
571 1614 616 1647 ad
628 1613 917 1647 comissationem
934 1618 1162 1658 praesentem
1178 1625 1354 1656 reversus,
1378 1614 1574 1647 etiamnum
1590 1623 1691 1645 com-

331 1680 449 1710 motus
471 1675 743 1719 praeteritorum
763 1676 942 1708 malorum
960 1676 1206 1709 recordatione
1224 1679 1456 1718 metuensque
1472 1686 1516 1707 ne
1533 1674 1692 1716 redeant,

331 1738 513 1772 modestus
538 1741 635 1778 orat,
668 1748 712 1769 ne
737 1736 943 1779 quotidiana
965 1738 1056 1770 haec
1081 1737 1218 1781 gaudia
1242 1736 1291 1769 dii
1313 1736 1477 1778 turbent,
1510 1739 1619 1779 atque
1639 1735 1691 1769 ita

332 1799 515 1833 dissuadet
530 1798 681 1831 maiora.
714 1798 846 1831 Verum
862 1799 948 1831 satis
966 1799 1009 1832 de
1028 1799 1105 1839 his;
1132 1798 1233 1831 vides
1253 1799 1385 1831 mirum
1403 1796 1599 1830 artificium
1618 1800 1691 1830 tr‘a-

332 1860 497 1894 ctationis
521 1859 597 1902 (die
622 1859 717 1892 seine
740 1860 854 1893 Kunst
877 1859 933 1893 die
949 1860 1186 1903 Ermahnung
1210 1859 1421 1892 einzuleiten
1447 1859 1518 1892 und
1543 1870 1589 1892 zu
1611 1870 1692 1892 mo-

330 1921 489 1963 tiviren).
537 1921 697 1953 Alterum
721 1921 790 1953 hoc
815 1923 888 1960 est,
923 1922 1017 1963 quod
1050 1921 1227 1954 secundae
1255 1932 1429 1964 personae
1453 1932 1557 1953 usum
1581 1931 1691 1963 saepe

330 1982 482 2022 evitans,
508 1982 553 2014 ad
578 1992 681 2014 suam
704 1991 895 2024 personam
920 1993 1009 2025 quae
1034 1982 1115 2016 aliis
1139 1982 1223 2015 dicit
1240 1986 1398 2024 revocat,
1423 1985 1459 2016 ut
1476 1981 1532 2015 Ol.
1549 1982 1612 2014 111.
1625 1982 1690 2015 fin.

328 2041 437 2086 Pyth.
460 2041 523 2082 111,
542 2040 610 2073 107
627 2052 724 2085 seqq.
750 2044 856 2087 Pyth.
875 2044 937 2085 xl,
958 2042 1013 2076 50.
1038 2044 1163 2076 Istnm.
1184 2044 1241 2083 vl,
1263 2042 1339 2085 41„
1376 2055 1467 2087 quae
1499 2054 1557 2076 res
1581 2042 1691 2077 etiam

328 2102 365 2136 in
390 2102 497 2136 laude
523 2102 713 2145 aliquoties
738 2109 820 2147 apte
847 2108 1027 2148 usurpata,
1050 2104 1153 2138 Nem.
1173 2105 1201 2146 1,
1220 2105 1276 2137 36.
1303 2106 1348 2147 X,
1363 2105 1418 2139 39.
1455 2105 1578 2138 Habet
1592 2106 1690 2138 idem

332 2163 561 2196 commodum
585 2165 764 2206 tropicum
789 2178 903 2210 genus
931 2165 1072 2199 dicendi
1103 2169 1313 2208 usurpatum
1347 2166 1481 2210 optime
1505 2167 1612 2210 Pyth„
1630 2167 1689 2209 lv,

329 2223 397 2257 263
417 2235 535 2267 seqq.,
567 2229 673 2267 atque
704 2227 815 2260 etiam
847 2227 1043 2261 sententiae
1075 2229 1286 2271 generales,
1319 2232 1478 2261 ceterum
1502 2239 1567 2271 per
1589 2239 1628 2262 se
1651 2227 1690 2261 in

331 2286 633 2319 admonitionibus
658 2288 893 2322 necessariae.

371 2365 373 2367 -
419 2347 582 2380 Diximus
617 2349 661 2382 de
684 2350 853 2384 laudibus
886 2354 921 2385 et
954 2351 1276 2391 admonitionibus;
1312 2350 1485 2384 addamus
1510 2349 1619 2383 etiam
1643 2350 1688 2383 de

329 2408 558 2452 precibus
582 2410 745 2443 verbum.
779 2411 869 2444 Sunt
892 2423 1018 2454 preces
1041 2424 1108 2445 non
1134 2412 1167 2444 in
1191 2412 1355 2445 omnibus
1371 2410 1602 2452 carminibus,
1625 2411 1689 2444 sed

329 2469 382 2503 ibi
405 2469 494 2511 fere,
520 2470 582 2503 ubi
610 2472 800 2513 peculiaris
825 2483 944 2506 causa.
981 2473 1083 2507 Talis
1109 2477 1161 2506 est
1189 2473 1251 2506 ubi
1278 2484 1370 2506 nova
1395 2473 1546 2507 victoria
1570 2473 1688 2517 agita-

330 2533 398 2572 tur,
422 2534 460 2563 ut
487 2530 543 2564 01.
562 2531 656 2573 xm,
675 2531 752 2575 24„
778 2535 898 2568 collat.
925 2533 1002 2568 103.
1027 2536 1160 2579 (neque
1186 2535 1280 2569 enim
1304 2547 1396 2568 nunc
1420 2535 1544 2568 dubito
1570 2536 1688 2568 Xeno-

329 2593 502 2635 phontem
538 2591 654 2636 ipsum
691 2597 812 2629 curule
848 2600 1028 2630 certamen
1063 2598 1163 2631 adire
1197 2597 1393 2639 voluisse),
1435 2597 1539 2639 Pyth.
1559 2596 1598 2628 V.
1623 2595 1686 2628 fin.

329 2653 431 2686 Nem.
458 2654 501 2695 X,
519 2652 574 2686 29.
600 2654 725 2690 Isthm.
746 2657 784 2699 V,
801 2657 856 2691 16.
883 2659 1007 2692 Isthm.
1030 2659 1084 2693 vl.
1103 2659 1164 2692 fin.
1210 2658 1347 2692 Deinde
1384 2669 1508 2701 preces
1540 2659 1622 2691 sunt
1652 2655 1686 2689 in
