1751 2986
1333 133 1439 161 xnvu

82 224 222 266 monui,
257 223 444 267 prooemio
471 223 571 257 initia
595 225 631 256 et
662 222 976 266 praeparationem
1001 224 1171 258 carminis
1194 225 1290 268 poni.
1336 227 1441 269 Quae

83 296 141 318 res
164 284 250 328 quid
271 284 464 330 significet,
486 295 569 318 mox
593 285 741 328 patebit.
778 286 842 318 Est
864 286 959 319 enim
983 297 1075 319 nunc
1099 286 1188 320 mihi
1212 287 1256 320 de
1273 288 1441 323 universa

83 345 312 390 dispositione
336 345 494 389 partium
517 346 781 390 explicandum.

172 407 478 441 Artificiosas
502 420 600 442 esse
622 420 776 442 rerum
799 408 1148 452 dispositiones
1179 409 1222 443 in
1247 410 1320 443 his
1344 421 1441 444 car-

83 468 285 502 minibus
307 469 430 502 brevis
445 469 551 503 lectio
570 470 692 509 docet;
718 472 855 503 nullum
880 471 956 503 fere
975 481 1120 503 carmen
1145 473 1283 504 rectum
1299 482 1443 505 cursum

83 533 195 572 tenet,
228 530 290 563 sed
323 533 403 563 sunt
432 531 646 575 plerumque
680 532 831 565 diversis
862 533 951 566 locis
992 533 1108 576 posita
1140 543 1233 575 quae
1266 533 1301 566 in
1333 543 1443 566 unam

81 591 292 625 sententiam
312 590 438 635 colligi
459 591 598 631 debent,
623 592 818 626 interiectis
838 593 931 634 aliis,
958 603 1049 636 quae
1074 593 1354 637 interrumpant3
1379 606 1443 628 ex-

82 651 230 703 plicatio
256 653 542 686 antecedentium
565 663 674 696 saepe
697 666 716 687 e
741 655 812 687 fine
836 655 1001 698 petenda,
1022 654 1104 686 finis
1121 666 1212 687 nunc
1228 655 1328 688 initio
1353 667 1444 689 nunc

83 713 148 747 alii
169 713 264 756 parti
285 715 486 757 respondet.
540 714 643 756 Quae
667 715 787 747 omnia
817 720 953 749 temere
986 715 1145 748 instituta
1177 727 1254 748 esse
1287 721 1322 750 et
1345 719 1444 751 nullo

83 774 210 808 idoneo
236 774 382 808 consilio
407 785 429 808 a
452 775 519 808 tali
543 779 649 818 poeta
674 777 751 818 quis
775 775 926 809 credat?
972 777 1110 809 Tamen
1133 787 1308 818 quaenam
1335 789 1444 812 causa

82 835 262 869 mirificae
284 834 351 877 rei,
375 846 468 878 quae
484 834 615 881 leges?
646 836 846 870 Difficilem
868 848 946 870 rem
964 837 1133 880 expedire
1152 838 1311 871 conabor
1333 840 1368 872 in
1385 850 1445 872 se-

82 897 292 940 quentibus,
315 900 354 930 ut
378 901 414 930 et
436 900 565 940 poetae
588 900 720 940 quanta
743 897 788 931 sit
811 897 845 930 in
869 899 940 931 hoc
963 911 1097 943 genere
1126 909 1186 932 ars
1210 903 1448 943 cognoscatur

84 961 119 992 et
141 957 374 1001 interpretem
397 968 491 1001 quae
508 957 576 991 *via
600 958 708 991 ducat
732 970 750 991 e
777 959 985 1003 labyrintho
1015 961 1272 1004 pulcherrimo.
1319 961 1446 1005 Igitur,

84 1022 122 1054 ut
142 1019 264 1053 statim
287 1019 373 1052 hinc
397 1019 537 1060 ordiar,
561 1019 634 1052 hac
657 1020 740 1064 lege
765 1021 963 1063 composita
985 1022 1078 1054 baec
1106 1022 1267 1055 carmina
1293 1023 1383 1064 dico,
1408 1028 1447 1058 ut

84 1081 119 1115 in
150 1080 336 1125 prooemio
368 1081 588 1124 exspectatio
622 1084 812 1114 moveatur
843 1081 952 1114 initiis
984 1082 1154 1116 carminis
1189 1084 1331 1126 positis,
1365 1084 1448 1118 inde

83 1143 156 1176 tela
179 1142 343 1186 incepta,
373 1153 458 1175 mox
481 1141 700 1185 interpositis
731 1142 812 1175 aliis
842 1142 1014 1185 nodisque
1040 1145 1139 1177 nexis
1172 1146 1275 1178 novis
1298 1157 1448 1189 suspen-

83 1214 144 1237 sus
165 1205 330 1237 tencatur
355 1203 494 1236 animus
523 1214 589 1246 per
612 1207 726 1236 totum
750 1214 911 1245 carmen,
944 1205 1057 1237 donec
1082 1205 1116 1237 in
1149 1205 1220 1238 fine
1245 1205 1364 1239 omnia
1388 1217 1447 1239 so-

83 1265 160 1298 luta
183 1267 221 1298 et
243 1263 424 1308 explicata
446 1264 580 1298 videat.
638 1265 836 1307 Perperam
860 1266 955 1299 enim
979 1270 1132 1307 statuas,
1167 1267 1197 1300 si
1222 1268 1328 1300 modo
1357 1268 1450 1302 inter

85 1329 208 1370 partes
231 1325 429 1359 carminum
444 1325 613 1359 transitus
631 1325 706 1368 apti
723 1325 939 1365 habeantur,
965 1327 1090 1359 adesse
1109 1328 1241 1369 omnia⁷
1266 1340 1358 1371 quae
1383 1340 1449 1372 po—

84 1385 211 1420 stulari
235 1386 392 1430 possint3
425 1387 496 1419 hoc
527 1388 605 1419 solo
630 1386 943 1430 conglutinationis
969 1387 1125 1419 artificio
1154 1394 1193 1422 ut
1217 1401 1285 1422 non
1309 1391 1449 1431 drama,

29 1451 32 1453 ’
84 1459 156 1482 non
179 1458 287 1491 epos,
317 1447 368 1480 ita
391 1447 501 1481 etiam
532 1459 602 1480 non
625 1447 785 1491 iungitur
815 1448 905 1480 bene
929 1448 1158 1481 Pindaricum
1190 1461 1353 1491 carmen,
1385 1451 1449 1484 sed

87 1509 173 1544 addi
194 1509 306 1542 etiam
328 1509 401 1543 alia
427 1508 568 1542 maiora
592 1508 739 1541 vincula
763 1508 913 1549 debent,
936 1513 976 1542 ut
999 1508 1140 1541 firmius
1164 1510 1452 1554 constringantur

86 1570 228 1612 omnia,
251 1570 400 1610 debent,
434 1574 473 1603 ut
495 1569 532 1602 in
555 1569 819 1603 narrationibus
841 1580 950 1612 supra
975 1570 1131 1611 ostendi,
1168 1571 1451 1614 exspectationes

86 1631 226 1665 moveri
254 1631 410 1674 nodique
443 1630 538 1664 necti
561 1634 596 1664 et
617 1630 732 1671 solvi,
765 1634 803 1663 ut
827 1630 933 1662 orbes
958 1630 1130 1665 exsistant
1154 1635 1189 1665 et
1212 1632 1369 1666 ambitus
1391 1646 1451 1667 re—

86 1704 180 1726 rum.
230 1692 269 1726 ln
293 1703 362 1736 quo
386 1691 483 1736 apud
500 1690 696 1724 Pindarum
718 1691 917 1724 maximum
939 1693 1170 1725 commodum
1191 1694 1304 1728 habet
1320 1696 1452 1738 duplex

86 1763 203 1798 genus
235 1752 451 1797 argumenti,
474 1756 682 1796 praesentes
711 1763 769 1785 res
801 1752 879 1785 dico
905 1756 940 1785 et
963 1754 1155 1796 mythicas.
1213 1756 1331 1798 Quum
1356 1756 1450 1789 enim

88 1814 246 1848 directae
270 1817 306 1847 et
320 1813 505 1858 mythieae
522 1813 693 1847 orationis
708 1813 801 1847 ratio
818 1814 912 1847 haec
935 1814 991 1856 sit,
1015 1819 1054 1848 ut
1070 1816 1271 1859 mythicam
1296 1818 1452 1861 explicet

87 1876 242 1916 «theou,
267 1873 298 1908 si
319 1873 466 1909 fabulas
488 1874 588 1909 initio
613 1879 677 1908 aut
699 1875 734 1908 in
761 1875 879 1908 medio
905 1875 1064 1909 carmine
1088 1878 1264 1920 posueriS‚
1300 1879 1338 1911 h.
1365 1890 1396 1911 e.
1422 1879 1453 1911 si

89 1935 395 1980 comparationem
416 1936 516 1980 prius
534 1937 708 1980 posueris,
733 1939 926 1978 antequam
949 1947 1019 1978 quo
1035 1937 1213 1979 pertineat
1230 1940 1453 1981 comparatio

88 1998 229 2042 penitus
251 1997 484 2041 explicueris,
519 1998 766 2041 pulcherrime
788 1996 951 2040 profecto
977 1997 1141 2029 effeceris
1165 1999 1259 2040 quod
1283 2008 1342 2030 ars
1365 2010 1454 2042 poe-

88 2059 161 2094 tica
195 2061 370 2103 postulat,
403 2061 442 2093 ut
470 2069 646 2101 suspensa
675 2062 839 2092 teneatur
870 2057 1110 2100 exspectati03
1146 2061 1252 2101 atque
1283 2058 1334 2092 ita
1367 2059 1456 2094 fecit

89 2121 222 2164 ubique
240 2120 432 2160 Pindarus,
457 2119 527 2153 nisi
540 2119 633 2161 quod
657 2119 725 2159 bis,
750 2119 857 2161 Pyth.
877 2119 939 2151 lx.
957 2122 992 2151 et
1003 2118 1104 2151 Nem.
1124 2118 1165 2162 1.,
1188 2119 1223 2152 in
1241 2119 1313 2152 fine
1329 2120 1455 2155 fabula

89 2183 269 2222 habetur,
299 2191 391 2225 quae
413 2183 533 2214 tamen
558 2179 638 2222 ipsa
664 2190 728 2223 pro
753 2179 991 2222 explicatione
1014 2179 1174 2223 priorum
1199 2185 1264 2222 est,
1297 2186 1336 2215 ut
1358 2182 1456 2217 infra

92 2243 289 2278 ostendam.
328 2242 463 2275 Verum
487 2240 691 2275 accuratius
715 2252 806 2274 nunc
829 2241 988 2275 indicare
1013 2242 1128 2275 debeo
1151 2242 1358 2277 universam
1382 2243 1456 2277 dis-

90 2304 274 2349 positionis
296 2303 484 2337 rationem.
543 2301 654 2335 Video
681 2306 803 2335 autem
826 2303 916 2335 duas
940 2302 1084 2335 omnino
1106 2313 1165 2336 res
1190 2314 1291 2346 esse,
1327 2305 1457 2348 quibus

91 2369 170 2401 tota
190 2366 284 2400 haec
307 2363 460 2399 Pindari
478 2374 538 2397 ars
561 2367 710 2405 constet,
735 2362 1151 2406 praeparationem
1175 2368 1219 2398 et
1242 2364 1456 2409 implica-

93 2427 266 2462 tionem
288 2426 506 2470 partium.
553 2424 874 2468 Praeparationem
891 2424 984 2465 dico,
1008 2428 1046 2458 ut
1063 2435 1171 2468 supra
1187 2426 1275 2460 satis
1295 2427 1456 2471 exposui,

92 2487 126 2522 si
145 2498 215 2522 uon
239 2489 346 2532 plane
362 2488 629 2530 inexspectatae
648 2485 793 2520 veniant
816 2497 886 2527 res,
911 2486 986 2527 sed,
1008 2489 1199 2530 antequam
1218 2489 1398 2533 legantur,
1421 2489 1459 2523 in

93 2549 169 2584 alia
193 2553 296 2594 parte
320 2548 487 2584 carminis
512 2550 840 2592 praemonstrentur
871 2546 993 2589 aliquo
1015 2547 1144 2590 modo,
1181 2549 1276 2591 quod
1299 2550 1458 2584 maxime

92 2609 310 2644 nuntiatione
339 2610 382 2644 fit
408 2613 472 2644 aut
495 2609 670 2654 positione
704 2607 757 2642 rei
782 2605 1058 2651 explicationem
1081 2607 1326 2643 desiderantis,
1383 2609 1455 2644 Sed
