1751 2986
1313 65 1418 93 xcvn

52 161 207 196 creontis
231 160 391 195 carmina
414 160 669 193 recensuerant
691 161 772 202 post
794 157 968 192 Zenodoti
993 168 1116 197 curas;
1141 169 1176 191 v.
1205 157 1282 191 Th.
1308 158 1416 191 Ber—

49 222 149 268 gkii
173 223 304 258 Anacra
329 221 448 265 Reliq.
473 233 509 265 p.
533 219 579 254 25
602 220 698 263 seq.)
754 219 842 252 Vide
867 220 911 252 de
935 219 993 252 his
1018 219 1193 252 classibus
1217 219 1417 253 carminum

47 283 252 328 Boeckh.
282 283 470 328 Fragmm.
496 294 531 325 p.
555 281 624 315 553
647 292 744 324 seqq.
783 284 818 314 et
854 281 915 324 qui
937 280 1168 313 Boeckhii
1202 279 1416 324 disputatio-

48 353 132 379 nem
155 343 379 378 uberrimam
405 341 583 386 excerpsit
605 342 874 375 Dissenium
908 354 941 385 p.
960 340 1029 375 603
1055 352 1151 385 seqq.
1199 343 1416 386 Quanquam

46 404 166 438 laudis
197 405 293 439 illius
317 405 476 448 aliquam
509 408 629 437 tamen
661 407 801 446 partem
834 414 916 435 cum
942 403 1267 445 Callimacho,
1298 406 1415 438 soler—

47 465 185 500 tissimo
217 466 424 499 tabularum
449 464 649 503 conditore,
685 464 1020 497 communicandam
1046 475 1123 497 esse
1146 474 1228 498 meo
1253 465 1332 499 iure
1354 477 1414 500 su—

46 538 146 560 mere
170 527 308 561 videor.
353 527 384 560 A
406 537 475 569 quo
501 526 667 569 equidem
686 526 900 558 alterutrum
924 526 1085 558 ordinem
1110 527 1169 559 vel
1187 528 1415 562 constitutum

45 589 107 622 vel
129 588 339 622 inchoatum
360 592 488 621 statuo.
545 588 638 621 Nam
664 586 911 619 Callimachus
948 591 984 620 ut
1011 588 1066 620 vel
1090 587 1234 632 singula
1259 585 1416 632 epinicia

47 649 242 684 Simonidis
265 650 327 684 Cei
359 661 404 683 ex
427 648 619 694 generibus
643 647 879 681 victoriarum
904 648 1100 690 ordinavit,
1134 653 1219 692 puta
1246 650 1414 695 Τεθρίπ-

44 723 150 755 ποις,
182 710 363 757 Δρομέσι,
394 711 474 743 rell.
500 709 634 752 scripta
659 709 758 742 iuxta
783 709 985 750 collocans,
1020 709 1070 742 ita
1093 710 1257 744 similiter
1281 712 1412 745 Pinda-

44 771 121 805 rica
145 771 390 815 pertractavit.
449 771 603 803 Carmen
626 769 735 812 Pyth.
763 769 807 801 11.
844 769 1070 802 Callimacho
1094 771 1270 805 Nemeum
1293 772 1412 806 visum

44 843 124 866 esse
146 832 300 872 scimus3
333 843 366 864 v.
393 831 453 865 Bo
465 831 596 864 eckh.
624 830 744 864 Praef.
771 830 908 863 Scholl.
939 841 976 873 p.
1003 832 1046 863 Χ.
1102 831 1173 864 Sed
1196 832 1412 876 Aristopha-

43 904 147 936 nem,
177 893 236 937 qui
271 892 404 927 tabulis
436 892 655 926 Callimachi
696 891 972 925 commentarios
1015 891 1164 934 adiecit,
1206 895 1412 928 accuratius

44 953 165 988 omnia
188 953 493 988 administravisse
524 953 609 987 licet
632 953 791 987 credere.
848 953 957 986 Cuius
989 954 1150 988 ordinem
1174 955 1411 998 epiniciorum

43 1013 188 1058 quidem
219 1014 255 1048 in
280 1016 576 1049 consuetudinem
613 1015 731 1048 abisse
756 1019 969 1059 argumento
995 1019 1047 1048 cst
1068 1016 1184 1058 primo
1209 1019 1288 1050 loco
1312 1018 1411 1061 posi—

42 1079 120 1110 tum
152 1086 297 1109 carmen
318 1076 554 1121 Olympium,
588 1087 694 1120 quem
730 1076 782 1109 illi
817 1077 937 1108 locum
963 1076 1221 1120 Aristophanes
1245 1080 1410 1124 assigna-

42 1140 165 1177 verat3
205 1148 241 1170 v.
273 1141 395 1170 notam
433 1138 479 1171 ad
511 1138 651 1172 initium
683 1137 851 1171 carminis
894 1137 1100 1180 ascriptam.
1164 1140 1256 1173 Cum
1289 1146 1410 1174 autem

43 1197 290 1232 Callimachus
317 1199 527 1234 Simoniden.
557 1199 710 1243 epinicia
742 1212 784 1232 ex
810 1199 971 1232 victoriis
996 1199 1248 1242 disposuisset,
1271 1200 1410 1234 Aristo-

41 1259 180 1303 phanes
204 1259 254 1292 ita
278 1260 391 1294 tenuit
414 1260 450 1293 in
473 1261 692 1301 Pindaricis,
724 1265 761 1292 ut
786 1260 954 1292 victorias
985 1261 1019 1292 in
1046 1265 1198 1302 quatuor
1229 1261 1410 1295 nobilissi-

41 1320 113 1354 mis
144 1320 363 1354 solemnibus
404 1326 606 1366 reportatas
645 1333 687 1354 ex
726 1319 898 1363 dignitate
942 1320 1175 1354 victoriarum
1216 1323 1407 1366 digereret.

44 1383 272 1416 Praecedunt
306 1382 415 1427 igitur
440 1382 599 1416 carmina
634 1382 669 1415 in
695 1382 835 1414 curules
861 1385 1113 1425 equestresque
1136 1383 1291 1417 victores
1317 1384 1408 1418 scri·-

41 1447 116 1488 pta,
139 1449 332 1489 sequuntur
357 1444 526 1488 deinceps
550 1454 606 1485 ea,
631 1454 722 1486 quae
747 1443 922 1488 pugilum,
947 1445 1176 1486 luctatorum,
1201 1446 1407 1488 pancratia-

42 1508 203 1547 starum,
237 1517 422 1539 cursorum
455 1505 617 1539 victoriis
650 1504 769 1537 dicata
791 1509 883 1538 sunt.
942 1505 1075 1549 Pythia
1102 1506 1237 1539 claudit
1260 1518 1406 1541 carmen

41 1565 181 1600 tibicini
212 1566 403 1610 scriptum,
439 1567 577 1600 Nemea
609 1570 681 1600 tres
714 1566 810 1600 aliae
843 1567 933 1599 odae
965 1578 1032 1599 non
1065 1566 1290 1607 Nemeaeae3
1322 1568 1406 1601 vide

39 1627 272 1662 Boeckhii
296 1628 416 1662 Praef.
440 1629 560 1671 Expll.
584 1639 619 1671 p.
642 1626 698 1660 19.
746 1628 785 1660 ln
809 1626 882 1660 fine
906 1628 1140 1661 lsthmiorum
1165 1628 1303 1672 aliquot
1326 1641 1407 1664 car-

37 1689 136 1724 mina
158 1689 359 1734 pel-ierunt,
385 1701 536 1734 quorum
558 1689 765 1734 fragmenta
791 1690 970 1732 quaedam
993 1694 1194 1733 supersunt.

128 1751 240 1786 Ratio
264 1755 468 1796 temporum
493 1752 529 1785 in
553 1750 805 1795 componendis
829 1750 990 1793 epiniciis
1013 1751 1141 1785 habita
1164 1763 1234 1785 non
1259 1756 1331 1786 est:
1369 1753 1404 1786 οἳ

36 1811 282 1856 διατάξαντες
311 1811 387 1859 tow,
404 1814 593 1859 Πίνδαρον
627 1808 673 1847 ου’
704 1809 799 1845 κατὰ
835 1810 990 1856 χρόνους
1025 1812 1251 1848 συνέτασσον
1275 1810 1404 1854 αὐτόν,

38 1871 132 1909 ἀλλὰ
155 1873 252 1910 κατὰ
277 1873 323 1910 τὰ
347 1876 448 1919 εἴδη,
484 1875 623 1909 Scholl.
649 1875 775 1907 Isthm.
800 1874 857 1906 lv,
897 1874 1000 1906 inscr.
1028 1875 1109 1906 coll.
1135 1873 1271 1908 Schou.
1295 1875 1403 1918 Pyth.

35 1935 93 1971 Vl.
126 1935 231 1982 insor-
268 1937 340 1980 (De
369 1936 516 1970 iuvenili
545 1937 682 1981 hymno
715 1934 749 1967 iu
787 1934 960 1977 principio
992 1936 1211 1978 hymnorum
1243 1936 1401 1978 reposito

35 1997 193 2031 vidimus
214 1998 355 2042 supra.)
411 1998 483 2032 Sed
507 1998 551 2031 de
576 1997 652 2041 ipso
685 2006 818 2040 genere
842 2005 951 2037 saepe
983 1995 1026 2028 lis
1058 1995 1126 2028 fuit
1163 1995 1254 2029 inter
1278 2007 1403 2040 gram-

36 2059 200 2093 maticos.
255 2059 427 2104 Pythium
451 2059 501 2093 11.
533 2059 596 2093 alii
619 2056 764 2092 Nemeis
796 2056 1053 2098 accensebant,
1086 2057 1239 2091 Timaeo
1262 2059 1404 2094 θυσια-

36 2116 170 2165 τήριον
192 2119 404 2162 vocabatur,
427 2119 618 2154 Ammonio
643 2123 678 2152 et
701 2118 908 2151 Callistrato
932 2117 1155 2162 Olympium,
1180 2118 1260 2152 aliis
1282 2120 1401 2154 Pana-

35 2180 255 2222 ffienaicum,
279 2180 431 2223 denique
455 2181 536 2215 aliis
556 2180 739 2225 Pythium.
789 2179 892 2222 Quae
915 2179 1090 2212 sententia
1114 2180 1183 2214 fuit
1204 2181 1266 2224 Ap
1280 2183 1402 2215 ollo-

34 2241 104 2276 nii
134 2241 203 2276 τοῦ
235 2240 483 2286 εἰδογράφου,
522 2252 629 2285 quem
662 2241 698 2273 in
733 2241 926 2284 generibus
961 2241 1161 2275 carminum
1197 2242 1305 2276 etiam
1337 2255 1402 2287 pro

36 2302 249 2338 harmoniae
281 2303 491 2337 diversitate
523 2302 774 2347 dignoscendis
806 2302 1027 2347 singularem
1062 2313 1212 2346 operam
1237 2315 1403 2338 consum-

35 2364 151 2409 psisse
174 2364 328 2406 scimus3
359 2377 394 2399 v.
420 2365 619 2398 Boeckh.
647 2364 693 2397 ad
718 2364 839 2398 Schol.
866 2365 971 2408 Pyth.
997 2364 1041 2397 Π.
1072 2363 1196 2406 inscr.‚
1229 2365 1290 2408 qui
1314 2378 1401 2400 eun-

38 2425 122 2460 dem
155 2425 387 2469 Apollonium
424 2424 698 2459 commentarios
740 2424 884 2459 Pindari
931 2424 1084 2458 edidisse
1125 2430 1242 2460 censet
1280 2427 1400 2462 Praef.

36 2485 258 2532 Schollep.>
276 2488 368 2523 XIV.
424 2488 612 2532 Quaedam
643 2486 805 2531 epiniciis
834 2489 914 2530 post
945 2485 1224 2530 Aristophanem
1257 2489 1402 2523 demum

37 2547 202 2584 videntur
222 2549 430 2591 accessisse,
463 2554 502 2585 ut
525 2550 671 2597 Olymp.
695 2550 735 2584 V.
770 2547 810 2586 ἐν
834 2549 913 2589 τοῖς
935 2546 1127 2591 ἐδαφίοις,
1160 2559 1253 2592 quae
1275 2549 1399 2588 Βαο-

956 2607 1125 2633 *******
