1751 2986
316 126 369 165 48
644 122 1224 164 OAYMHIONIKAI
1253 120 1328 165 H'.

1473 235 1571 279 Αντ.
1609 232 1661 279 α’.

449 295 593 343 ἄνεται
624 297 672 343 δε
702 294 818 357 πρὸς
838 296 964 358 χάριν
991 295 1191 359 εὐσεβίας
1212 296 1385 360 ἀνδρῶν
1411 302 1562 358 λιταῖς.
1622 310 1664 343 10

449 362 544 410 ἄλλ’
577 364 612 410 ὠ
650 364 797 422 Πίσας
831 362 1067 426 εὔδενδρον
1099 364 1163 413 ἐνί
1195 363 1367 432 Ἀλφεῷ
1401 364 1550 425 αλσος,

354 437 414 481 10
447 430 576 478 τόνδε
608 435 757 492 κῶμον
788 433 862 478 καὶ
895 434 1256 496 στεφαναφορίαν
1289 414 1417 490 δέξαι.
1465 434 1573 497 μέγα
1595 451 1663 480 τοι

982 500 1109 559 κλέος
1143 502 1238 558 αἰεί,

446 558 567 612 ὠτινι
599 564 684 612 σὸν
716 565 845 648 γέρας
878 565 1027 630 ’ἕσπητ’
1061 567 1246 631 ιῖγλαόν
1626 577 1665 610 ¹5

449 631 563 679 αλλα
598 631 636 679 δ’
670 631 733 680 ἐπ’
767 631 904 680 α’λλον
937 634 1038 695 ε’βαν

445 699 650 763 αγαθοῖν,
685 702 845 747 πολλαὶ
875 699 915 748 δ’
950 700 1048 749 ὁδοὶ

447 766 534 815 σὺν
566 773 690 826 θεοῖς
725 766 978 832 εὐπραγίας.

349 911 410 955 15
451 904 735 966 Τιμόσθενες,
766 903 881 966 ὔμμε
914 902 953 952 δ’
983 905 1225 967 ἐκλαρωσεν
1256 906 1427 969 πότμος
1493 905 1584 954 Ἐπ.
1610 906 1662 953 α’.

448 974 560 1036 Ζηνὶ
587 972 819 1038 γενεθλίω·
858 970 909 1030 ὃς
938 973 986 1019 σε
1021 991 1098 1034 μεν
1130 976 1279 1040 Νεμέα
1310 975 1560 1038 πρόφατον,
1618 985 1663 1018 20

445 1038 748 1100 Ἀλκιμέδοντα
782 1041 829 1086 δε
862 1038 952 1101 πὰρ
988 1040 1178 1103 Κρόνου
1206 1043 1338 1108 λόφω

444 1112 589 1174 θῆκεν
620 1106 972 1168 ’.Ολυμπιονίκαη

444 1176 500 1238 ἡν
534 1173 573 1222 δ’
607 1175 761 1237 ἐςορᾶν
793 1174 945 1233 καλός,
979 1175 1088 1241 ε’ργω
1122 1174 1157 1221 τ’
1189 1173 1248 1222 οὐ
1275 1194 1386 1222 κατα
1410 1171 1524 1233 εἶδος
1546 1174 1661 1237 ἐλέγ-

983 1261 1071 1303 χων
1619 1253 1663 1285 25

347 1316 412 1360 20
447 1308 610 1367 ἐξένεπε
625 1310 816 1371 κρατέων
828 1309 946 1375 πάλᾳ
961 1309 1276 1374 δολιχήρετμον
1287 1309 1466 1371 Αἴγιναν
1480 1309 1661 1373 πάτραν·

441 1378 554 1425 ἔνθα
581 1377 779 1438 Σώτειρα
806 1376 921 1436 Διὸς
949 1376 1094 1434 ξενίου

442 1446 661 1508 πάρεδρος
696 1444 889 1493 ἄσκεῖται
930 1446 1063 1507 Θέιιις

357 1571 387 1592 ν.
412 1560 445 1595 8.
479 1557 628 1595 ἅννεται
660 1568 695 1593 et
722 1559 899 1601 εὐσεβέων
930 1580 972 1585 -
1005 1573 1036 1593 ν.
1061 1561 1112 1594 14.
1148 1557 1357 1605 εὐπραξίας.
1384 1580 1427 1586 -
1464 1573 1496 1593 v.
1531 1562 1584 1594 15.
1621 1559 1661 1595 δὲ

309 1603 496 1650 κλάρωσεν
518 1625 564 1631 —-
588 1618 619 1639 v.
644 1607 695 1639 16.
721 1603 764 1641 o'v
786 1619 852 1650 μεν
879 1605 918 1641 ἐν
941 1607 991 1641 Ν

399 1700 432 1722 v.
455 1688 488 1723 8.
536 1689 650 1733 [Libri
681 1702 749 1723 non
787 1690 938 1724 correcti
971 1700 1051 1722 cum
1087 1687 1242 1723 Scholiis
1280 1688 1460 1722 veteribus
1493 1689 1662 1744 praebent

309 1735 403 1777 quod
426 1734 627 1769 Boeckhius
652 1736 811 1780 scripsit,
844 1735 913 1769 nisi
947 1735 1039 1778 quod
1070 1735 1126 1767 vel
1163 1732 1349 1787 εὐσεβείας
1379 1735 1437 1767 vel
1472 1732 1661 1781 ευσεβέων.

308 1780 449 1814 Primus
480 1780 705 1825 Asclepiades
729 1781 983 1826 grammaticus
1014 1779 1112 1814 λιταί
1135 1779 1177 1812 de
1212 1779 1428 1814 divinatione
1458 1781 1662 1825 reponebat,

309 1830 349 1861 ut
371 1826 514 1859 schema
539 1827 763 1860 Pindaricum
797 1828 970 1860 evaderet.
1025 1826 1101 1859 Non
1136 1825 1239 1858 male.
1287 1826 1517 1859 Reccntiores
1541 1830 1661 1861 autem

309 1871 476 1905 Graeculi
508 1872 597 1905 mire
632 1872 844 1906 vitiaverunt
875 1872 942 1905 ita.
974 1869 1194 1916 πληρέονται
1223 1870 1328 1924 πρὸς
1345 1868 1452 1916 χάριν
1485 1869 1662 1917 ενσεβέων

308 1913 341 1950 δ’
375 1912 521 1962 ἀνδρῶν
553 1919 662 1952 λιταί.
692 1920 811 1974 Quae
835 1918 964 1962 quibus
988 1918 1201 1958 debeantur,
1232 1916 1345 1969 aperit
1374 1919 1495 1961 glossa
1529 1918 1660 1951 codicis

308 1962 421 1995 Mose.
455 1963 504 1995 Β·
548 1961 605 1997 Ου’
639 1961 705 2021 χρὴ
741 1962 906 1998 ἄνεται
938 1960 1117 2020 γράφειν,
1144 1959 1230 1996 ου’δὲ
1263 1958 1534 2019 ευσεβείας,
1568 1960 1661 1998 ἀλλὰ

306 2006 594 2052 πληρέονται
618 2011 680 2044 καὶ
706 2007 938 2066 εὐσεβέων
971 2009 1032 2043 καὶ
1057 2010 1198 2041 λιταί.
1248 2004 1356 2043 Ου’τω
1373 2006 1450 2063 γὰρ
1474 2007 1546 2052 ἔχει
1568 2007 1663 2065 πρός

306 2066 346 2088 τε
369 2054 439 2097 τὴν
463 2053 634 2096 σύνταξιν
658 2055 721 2089 καὶ
742 2055 783 2089 τὸ
807 2054 939 2099 μέτρον
964 2052 1102 2098 ὀρθῶς.
1140 2052 1184 2087 οὐ
1207 2053 1322 2096 μόνον
1347 2052 1386 2088 δὲ
1412 2055 1543 2107 ταῦτα,
1566 2053 1659 2089 ἀλλὰ

305 2098 369 2133 καὶ
391 2099 509 2133 πολλὰ
532 2098 637 2144 ε’τερα
661 2100 936 2158 ἐκαινοτομήθη
961 2113 1010 2145 τῳ
1035 2097 1238 2155 σοφωτάτῳ
1262 2098 1521 2157 Μρσχοπούλῳ
1533 2098 1660 2158 κάμοί

306 2145 504 2199 (Demetrio
538 2146 748 2200 Triennio),
791 2146 839 2187 ὥς
874 2136 1052 2188 ἐξετάζων
1087 2144 1270 2191 εὑρήσεις,
1305 2141 1496 2185 ἁνοικείως
1530 2144 1660 2188 ἔχοντα

305 2189 398 2246 πρὸς
431 2188 472 2224 τὸ
505 2190 651 2236 μέτρον.
700 2193 828 2226 Confer
859 2192 1080 2226 Boeckhium
1112 2192 1155 2224 de
1183 2191 1276 2225 Crisi
1308 2194 1341 2233 ἓ.
1366 2189 1423 2224 25.
1461 2204 1499 2235 p.
1521 2190 1578 2225 62.
1623 2192 1659 2226 Is

305 2233 435 2270 ἄνεται
460 2247 501 2269 ex
526 2237 667 2280 optimis
690 2239 791 2272 libris
815 2237 967 2282 simplici
990 2251 1011 2272 ν
1037 2236 1195 2281 scripsit,
1221 2248 1329 2280 quum
1351 2237 1502 2287 primam
1525 2236 1658 2281 passim

303 2281 436 2316 habeat
467 2286 591 2316 natura
615 2284 779 2327 longam,
811 2288 850 2317 ut
874 2284 915 2316 li.
942 2286 996 2325 K,
1027 2282 1107 2316 251.
1144 2283 1256 2326 odyss
1261 2285 1339 2324 Β,
1362 2281 1418 2315 58.
1459 2278 1658 2326 C'orreptae

303 2327 503 2381 exemplum
529 2329 649 2362 attulit
667 2331 891 2363 Ilermannus
917 2330 957 2362 ΙΙ.
979 2331 1023 2371 Σ,
1047 2328 1138 2371 473.,
1163 2328 1222 2361 sed
1246 2327 1415 2361 aoristum
1440 2338 1515 2360 esse
1539 2333 1658 2362 censet

303 2368 446 2413 ἄνοιτο,
469 2373 505 2405 in
529 2385 597 2416 quo
624 2375 739 2417 prima
763 2375 959 2408 necessario
984 2379 1154 2417 correpta.
1190 2372 1301 2406 Aliter
1323 2373 1557 2405 Βιιῑῐιιιειηιιιιει
1591 2372 1654 2407 Gr.

303 2399 720 2462 amp1.1'1.p115.,ubi
743 2420 938 2453 Loheckius
963 2424 1146 2462 correptae
1169 2417 1305 2461 primae
1328 2417 1363 2449 in
1388 2417 1500 2451 forma
1526 2415 1654 2453 ἄνεται

303 2463 464 2508 exempla
498 2475 539 2497 ex
570 2464 746 2499 Nicandro
778 2469 811 2498 et
836 2464 988 2508 Oppiani
1011 2463 1224 2497 Halieuticis
1257 2462 1430 2506 apposuit.
1479 2463 1518 2497 Si
1541 2463 1653 2508 igitur

302 2510 525 2543 normannus
559 2514 654 2543 recte
682 2510 852 2544 iudicavit
874 2510 916 2542 dc
938 2510 1017 2542 loco
1043 2508 1252 2550 Homerico,
1288 2508 1318 2542 is
1339 2508 1413 2552 ipse
1439 2510 1652 2546 recentiores

302 2561 424 2600 poetas
447 2554 587 2589 seduxia
579 2567 627 2588 se
651 2555 799 2589 videtur.
837 2555 954 2598 SCH.]

391 2600 504 2636 v.10.
551 2600 624 2657 [τοι
647 2601 808 2645 Heynius
832 2612 875 2634 ex
899 2599 1012 2634 libris.
1058 2599 1262 2644 negebatur
1284 2611 1332 2634 τι
1368 2598 1486 2642 SCH.]

391 2659 421 2680 v.
447 2645 503 2680 11.
552 2644 688 2690 [εσπετ’
709 2646 896 2692 Bergkius.
930 2644 1050 2689 SCH]
