1751 2986
263 175 354 204 xmv

263 270 347 303 dem
369 268 514 303 artificii
537 267 643 303 video
667 267 792 301 Isthm.
809 267 849 300 V.
896 265 950 300 Ibi
975 270 1166 311 postquam
1191 267 1278 302 dixit
1302 268 1519 302 Aecidarum
1542 270 1624 303 lau-

263 332 347 365 dem
371 331 570 364 maximum
584 328 653 361 sibi
667 327 829 360 officium
846 339 924 361 esse
940 329 1119 373 Aeginam
1138 330 1307 371 venienti,
1332 341 1403 373 quo
1422 330 1524 363 titulo
1545 331 1624 363 uni-

262 404 406 427 versum
430 393 536 425 illum
556 389 757 432 mythicum
780 390 900 422 locum
916 391 1176 434 complectitur,
1201 391 1360 434 primum
1378 390 1535 435 gloriam
1556 390 1627 423 im-

262 465 424 488 mensam
443 452 628 496 praedicat
646 462 782 492 eorum,
800 451 1010 485 nominatim
1023 452 1134 496 Pelei,
1153 451 1524 492 Aiacis,Telamonis;
1548 455 1627 485 tum

260 516 370 550 huius
393 515 549 559 gloriam
573 512 729 555 explicat
753 513 905 546 narratis
928 515 1037 547 rebus
1068 525 1149 547 cum
1172 515 1329 547 Hercule
1355 515 1401 547 ab
1427 511 1469 547 eo
1495 513 1626 558 gestis3

261 578 413 621 denique
433 586 528 609 nova
546 574 783 618 explicatione
806 575 1007 616 declarans,
1028 576 1206 618 quomodo
1222 575 1393 608 invitatus
1411 575 1456 607 ab
1467 575 1626 608 Hercule

261 644 296 674 et
320 642 503 684 permotus
527 637 572 670 ad
596 637 664 669 has
685 635 927 678 expeditiones
951 637 1106 669 Telamo
1131 636 1187 677 sit,
1210 636 1337 669 ultimo
1358 638 1438 670 loco
1463 636 1627 669 fabulam

262 702 306 734 de
331 701 439 734 Aiace
463 699 539 733 filio
565 702 646 732 ante
666 697 802 730 exitum
825 708 847 730 a
865 698 952 731 Iove
976 698 1169 741 impetrato
1195 698 1350 731 subiicit.
1397 698 1542 731 Inverte
1565 708 1626 730 or·-

261 761 401 803 dinem,
432 759 585 793 habebis
608 760 801 804 vulgarem
826 763 861 791 et
883 770 951 792 non
976 759 1129 804 lyricam
1155 760 1435 804 dispositionem.
1483 759 1534 792 Ac
1557 770 1627 791 non

260 824 377 856 solum
400 821 437 854 in
458 821 666 854 fabularum
691 820 972 863 narrationibus,
1008 822 1070 854 sed
1096 822 1206 854 etiam
1229 822 1265 854 in
1291 821 1427 854 directa
1452 820 1626 862 oratione,

260 887 300 916 ut
322 893 389 926 par
413 886 483 923 est,
503 883 573 914 hoc
597 881 793 914 artificium
816 886 956 926 regnat.
1005 882 1065 916 Sic
1086 895 1120 915 v.
1142 894 1170 915 c.
1191 882 1369 916 Nem 111.
1396 881 1432 914 in
1455 882 1528 914 fine
1553 882 1627 924 pri-

261 956 361 978 mum
383 942 474 976 v.7o
495 954 594 986 seqq.
620 943 758 983 laudat,
783 943 814 975 si
838 943 917 985 quis
931 943 1045 976 tribus
1069 944 1368 977 vitaeaetatibus
1392 954 1430 976 sc
1455 943 1627 975 distinxe-

261 1006 308 1040 rit
331 1006 436 1038 rebus
461 1004 584 1049 gestis,
609 1004 736 1037 deinde
755 1004 891 1037 ultimis
913 1005 1035 1038 verbis
1052 1005 1220 1038 carminis
1240 1006 1400 1038 nominat
1420 1008 1492 1037 tres
1510 1005 1627 1037 victo-

260 1068 334 1110 rias
358 1067 404 1100 ab
428 1066 644 1099 Aristoclida
666 1070 883 1109 reportatas,
914 1070 952 1099 ut
977 1066 1086 1099 etiam
1110 1067 1171 1100 hic
1193 1066 1351 1110 primum
1375 1071 1474 1099 mota
1498 1077 1627 1109 exspe-

262 1128 367 1163 ctatio
392 1127 449 1168 sit,
473 1127 601 1160 deinde
622 1127 816 1171 explicatio
839 1128 990 1161 reddita.
1026 1128 1133 1161 Aliud
1156 1129 1395 1173 magnificum
1422 1129 1626 1171 exemplum

262 1195 315 1225 est
339 1190 444 1234 Pyth.
462 1189 519 1221 vl.
539 1188 628 1229 init„
653 1188 717 1221 ubi
733 1188 889 1231 primum
916 1189 960 1221 de
977 1190 1148 1223 umbilico
1173 1195 1289 1224 terrae
1308 1190 1516 1223 inconcusso
1540 1190 1627 1223 dicit

262 1256 297 1287 et
320 1252 364 1284 de
395 1250 513 1296 gloria
535 1249 712 1283 victoriae
737 1254 921 1283 aeternum
948 1250 1008 1282 hic
1031 1252 1257 1294 splendente,
1281 1263 1364 1285 mox
1382 1252 1525 1295 pietatis
1547 1252 1627 1284 lau-

262 1314 344 1347 dem
377 1323 454 1345 esse
478 1313 601 1352 docet,
631 1323 789 1356 magnae
823 1316 857 1344 et
880 1312 1027 1345 illustris
1051 1313 1213 1354 virtutis,
1245 1324 1315 1356 qua
1349 1313 1441 1345 haec
1476 1311 1628 1345 victoria

261 1375 455 1419 splendeat.
513 1374 646 1406 Verum
679 1373 764 1406 satis
796 1374 840 1406 de
865 1374 934 1406 hac
958 1384 997 1406 re
1021 1374 1185 1406 diximus.
1215 1393 1253 1398 —-
1287 1373 1451 1407 Tertium
1475 1373 1627 1416 denique

262 1438 374 1471 affero
407 1446 568 1468 nexum
600 1445 680 1477 per
713 1435 1155 1477 consequutionem‚
1189 1435 1252 1468 ubi
1284 1446 1328 1468 ea
1350 1434 1442 1467 ratio
1468 1434 1626 1477 partium

262 1503 337 1541 est,
364 1501 404 1530 ut
426 1495 626 1540 posteriora
650 1507 669 1527 e
695 1495 873 1538 prioribus
903 1499 940 1528 ut
965 1508 984 1529 e
1009 1507 1118 1529 causa
1143 1500 1414 1539 consequantur.
1469 1496 1534 1528 Est
1555 1496 1626 1528 hoc

262 1571 377 1607 genus
396 1556 648 1597 antecedentis,
672 1557 767 1598 quod
790 1560 910 1589 tamen
934 1558 1041 1590 latius
1066 1562 1176 1601 patet,
1202 1558 1435 1599 contrarium,
1461 1562 1494 1590 et
1517 1557 1626 1590 firma

261 1623 372 1656 habet
395 1620 579 1653 iuncturae
603 1618 759 1659 vincula,
786 1629 985 1661 quanquam
1012 1631 1079 1652 non
1104 1620 1236 1662 ubique
1259 1621 1332 1653 tale
1357 1623 1421 1660 est,
1457 1623 1495 1652 ut
1519 1630 1626 1662 prae-

261 1682 384 1717 sentiri
408 1681 528 1725 possit,
553 1679 636 1722 quid
659 1684 890 1722 sequuturum
915 1681 970 1713 sit.
1017 1682 1206 1726 Ingeniose
1227 1682 1320 1714 hanc
1345 1693 1423 1714 rem
1440 1685 1547 1724 poeta
1569 1681 1626 1714 in-

260 1746 342 1780 tulit
362 1744 399 1777 in
422 1741 662 1776 narrationem
689 1741 732 1774 de
757 1742 891 1784 Pelope
916 1742 972 1775 01.
992 1743 1018 1776 Ι.
1078 1743 1133 1776 11ιί
1160 1746 1238 1786 post
1260 1748 1445 1776 narratam
1476 1741 1624 1776 Tantali

261 1809 404 1850 culpam
422 1814 644 1849 poenamque
660 1802 713 1835 sic
729 1804 777 1836 ad
796 1804 969 1847 Pelopem
988 1805 1080 1838 redit
1094 1817 1129 1838 v.
1149 1803 1218 1846 65„
1242 1808 1280 1837 ut
1300 1804 1408 1837 etiam
1427 1805 1522 1836 hunc
1542 1813 1625 1846 pro-

260 1873 386 1914 pterea
410 1878 431 1900 a
454 1865 594 1909 superis
614 1865 659 1897 ad
682 1866 854 1898 mortales
870 1865 1060 1899 remissum
1077 1866 1184 1907 dicat,
1205 1870 1240 1899 et
1262 1867 1333 1899 hoc
1349 1865 1494 1909 quidem
1518 1875 1624 1908 prae-

259 1929 376 1965 videri
390 1927 655 1971 quodammodo
674 1931 830 1969 poterat3
857 1927 917 1970 qui
935 1938 1023 1960 vero
1043 1927 1171 1960 deinde
1190 1939 1254 1971 per
1272 1927 1423 1960 eandem
1441 1926 1626 1960 iuncturae

259 1992 435 2026 rationem
449 1988 633 2022 subiicitur
648 1989 824 2021 secundus
838 1990 951 2030 locus,
971 1993 1152 2022 certamen
1171 1989 1215 2022 de
1230 1989 1475 2032 Hippodamia
1494 1988 1624 2022 adiisse

260 2055 434 2096 Pelopem
457 2050 683 2095 significans,
710 2062 752 2083 nc
778 2052 890 2084 semel
915 2052 961 2084 ad
985 2053 1157 2084 mortales
1179 2051 1347 2084 remissus
1371 2050 1547 2094 inglorius
1570 2050 1626 2083 vi-

260 2119 323 2149 vat
347 2124 545 2157 expersque
570 2113 758 2154 bonorum,
783 2113 915 2156 optime
940 2112 1086 2156 quidem
1109 2124 1219 2146 nexus
1247 2118 1299 2146 cst
1320 2111 1625 2154 antecedentibus,

260 2179 381 2209 tamen
405 2185 470 2217 per
493 2185 531 2206 se
554 2173 672 2206 minus
687 2173 893 2217 praevideri
917 2180 1052 2218 posset,
1077 2175 1146 2208 nisi
1170 2174 1269 2208 initio
1294 2175 1442 2208 fabulae
1461 2175 1505 2207 de
1526 2174 1623 2215 Pisa,

262 2236 404 2269 colonia
420 2234 578 2277 Pelopis,
604 2235 867 2277 praemonitum
892 2241 993 2269 esset.
1030 2237 1074 2269 At
1093 2236 1196 2269 Nem.
1215 2238 1243 2270 I.
1264 2237 1299 2269 in
1318 2236 1445 2269 fabula
1468 2236 1512 2268 de
1527 2236 1624 2268 Her——

260 2298 341 2330 cule
366 2300 446 2340 post
469 2299 653 2329 narratam
679 2297 754 2329 eius
780 2309 860 2330 cum
885 2298 1108 2341 serpentibus
1133 2309 1292 2342 pugnam
1317 2297 1428 2330 facile
1454 2307 1624 2339 praesen-

260 2359 329 2392 tias
353 2359 501 2391 ess'ectus
525 2357 600 2397 rei;
626 2369 843 2401 consequens
866 2363 931 2400 est,
967 2363 1006 2391 ut
1029 2359 1218 2401 trepidatio
1243 2358 1463 2391 seminarum
1489 2357 1624 2391 deseri-

260 2422 366 2454 batur
390 2419 572 2464 patrisque
588 2419 859 2463 Amphitryonis
882 2430 1060 2460 accursus,
1088 2423 1122 2452 et
1145 2424 1183 2452 ut
1205 2424 1308 2452 vates
1324 2420 1520 2452 advocetur
1539 2419 1623 2462 quid

258 2482 439 2526 significet
461 2481 676 2514 miraculum
710 2480 938 2513 indicaturus.
986 2481 1093 2514 Vides
1118 2482 1207 2514 duas
1241 2481 1385 2514 ultimas
1409 2481 1624 2514 narrationis

259 2547 379 2586 partes
403 2542 512 2576 etiam
535 2541 597 2574 hic
622 2553 665 2574 ex
685 2552 757 2574 una
780 2542 901 2584 priore
926 2553 1034 2575 nexas
1054 2547 1223 2586 tanquam
1249 2554 1290 2576 ex
1311 2553 1420 2576 causa
1442 2543 1622 2576 effectum.

259 2604 431 2637 Eiusdem
461 2614 569 2647 porro
601 2603 745 2648 generis
775 2608 856 2637 sunt
886 2603 1183 2649 interrogationes
1220 2608 1255 2638 et
1290 2604 1554 2637 cohortationes
1584 2608 1623 2639 ut

259 2666 397 2709 aliquid
421 2665 600 2700 efficiatur
623 2665 757 2701 illatae·
806 2665 866 2700 Sic
885 2666 993 2711 l'yth.
1015 2667 1073 2708 lv,
1091 2666 1136 2700 97
1155 2677 1265 2710 seqq„
1290 2677 1398 2710 quum
1423 2676 1542 2700 mores
1563 2666 1622 2700 la-
