1751 2986
254 140 345 167 XLVI

254 236 309 267 sto
326 233 360 267 in
379 230 549 276 Olympia
567 228 777 264 Archilochi
801 228 924 261 brevis
944 229 1099 273 hymnus
1120 229 1155 263 in
1180 230 1430 264 comissatione
1453 235 1616 265 cantatus

255 298 367 337 esset,
399 294 482 327 inde
514 293 621 325 ducta
645 292 765 325 forma
798 289 975 334 prooemii
998 301 1090 323 nunc
1122 291 1318 324 maioribus
1346 295 1382 325 et.
1404 292 1617 328 fortioribus

254 357 336 390 telis
360 356 405 389 ab
433 366 519 388 arcu
535 355 721 387 Musarum
743 352 934 396 petendam
953 350 1162 394 Olympiam
1186 354 1221 384 et
1240 353 1399 396 Delphos
1420 354 1480 388 ait.
1512 354 1616 389 Nem.

254 418 316 451 111.
342 416 515 450 invitatur
540 415 657 456 Musa,
683 417 721 446 ιιι
744 412 780 445 ἰιι
804 412 981 457 Aeginam
1006 416 1064 445 eat
1089 413 1135 445 ad
1162 415 1361 448 canendum
1386 426 1531 449 carmen
1555 416 1615 450 din

254 481 510 521 exspectatum,
537 480 572 509 et
594 476 696 509 Nem.
712 475 777 508 lx.
802 475 930 508 Musae
945 473 1101 518 Sicyone
1125 474 1170 507 ab
1196 475 1362 518 Apolline
1384 481 1558 511 vocantur
1580 477 1616 511 in

254 540 471 582 hospitalem
492 537 655 570 Chromii
679 537 836 570 domum.
868 536 975 580 Pyth.
995 536 1056 568 XI.
1077 535 1249 568 heroinae
1267 537 1466 571 Thebanae
1484 549 1617 572 convo-

255 604 380 633 cantur
403 600 437 632 in
461 600 635 642 templum
660 597 833 641 Apollinis
865 596 1029 638 Ismenii,
1061 600 1100 629 ιιι
1135 598 1316 632 celebrent
1341 600 1523 643 Delphos,
1554 600 1618 633 ubi

254 660 407 695 victoria
430 664 545 704 parta.
570 661 695 694 Isthm.
713 660 789 692 VII.
811 659 1005 691 choreutae
1022 654 1230 700 eicitantung
1255 660 1300 692 ad
1315 661 1527 695 Telesarchi
1553 662 1618 694 do-

254 726 417 756 mum-ut
440 726 522 756 eant
545 726 580 755 et
602 721 774 755 victorias
800 720 874 754 eius
901 723 1050 762 canant,
1082 723 1121 752 ut
1145 719 1202 753 Ol.
1221 720 1248 753 I.
1277 720 1312 753 in
1336 721 1506 754 Hieronis
1527 722 1619 755 bea-

253 788 328 818 tam
351 784 498 817 domum
521 783 678 817 veniunt.
718 783 825 826 Pyth.
845 782 902 814 VI.
927 785 1035 824 poeta
1053 780 1130 814 sive
1145 781 1293 814 Veneris
1316 782 1393 815 sive
1410 781 1619 816 Gratiarum

254 829 487 879 arva‘colens
505 845 664 887 Delphos
679 845 802 878 tendit.
839 843 939 876 Nem.
959 844 998 875 V.
1024 854 1093 876 non
1117 843 1330 876 statuarium
1352 854 1391 876 se
1417 853 1496 876 esse
1519 843 1620 886 dicit,

254 907 316 939 sed
352 917 618 949 quoquoversus
651 909 688 938 ιιι
719 910 824 939 exeat
857 905 1021 938 hortatur
1054 909 1198 938 cantum
1233 905 1326 938 etin
1352 915 1474 937 omnes
1498 908 1619 948 partes

255 967 420 1011 divulget
441 967 617 1000 victoriae
641 967 814 1000 nuntium.
849 967 954 1010 Pyth.
976 967 1021 999 II.
1042 967 1119 1009 ipse
1146 966 1303 999 carmine
1325 965 1435 998 misso
1460 965 1619 999 nuntium

252 1028 325 1061 fert
349 1027 538 1071 Syracusis
559 1027 734 1062 victoriae
759 1027 909 1061 Hieroni
933 1027 1072 1061 Thebis
1096 1033 1234 1070 partae.
1292 1026 1418 1059 Isthm.
1437 1026 1494 1068 V.,
1519 1026 1620 1069 quasi

254 1100 425 1133 praesens
449 1089 614 1122 convivio
645 1090 751 1122 ducta
766 1090 981 1132 metaphora
1007 1099 1028 1120 a
1054 1089 1193 1131 poculis
1219 1087 1344 1128 tribus,
1371 1097 1464 1130 quae
1483 1087 1519 1120 in
1534 1099 1619 1120 con-

252 1150 361 1184 viviis
379 1150 632 1192 miscebantur,
656 1162 778 1192 unum,
797 1151 857 1191 ait,
883 1154 964 1183 ante
980 1149 1122 1191 miscui,
1145 1150 1340 1182 secundum
1360 1160 1452 1181 nunc
1471 1148 1618 1193 misceo,

256 1211 398 1244 tertium
435 1211 572 1243 utinam
597 1211 684 1244 olim
709 1211 861 1244 miscere
886 1211 1005 1243 liceat.
1054 1211 1156 1244 Nem.
1182 1212 1238 1244 lv.
1265 1211 1340 1243 vim
1366 1210 1620 1243 recreatricem

253 1272 397 1316 poesios
421 1272 607 1315 praedicat
630 1275 710 1314 post
736 1271 970 1304 certaminum
995 1272 1151 1313 labores,
1179 1276 1213 1305 et
1238 1272 1295 1305 01.
1321 1271 1394 1303 vll.
1421 1270 1456 1302 in
1480 1270 1620 1315 Diago-

252 1345 315 1368 rae
338 1333 431 1367 tristi
456 1343 540 1365 casu
564 1336 709 1365 nectare
727 1333 916 1365 Musarum
942 1334 1150 1375 praebendo
1175 1333 1329 1366 victores
1354 1332 1556 1365 exhilarare
1581 1343 1620 1365 se

253 1395 350 1437 dicit,
373 1398 413 1427 ut
438 1405 546 1437 quum
568 1393 604 1426 in
630 1393 854 1436 sponsalibus
878 1395 1044 1437 phialam
1068 1406 1218 1428 auream
1242 1395 1326 1427 vino
1348 1395 1493 1436 plenam
1518 1404 1622 1426 socer

253 1467 386 1502 genero
411 1455 590 1499 propinet.
648 1455 1011 1499 Magnificentissima
1043 1460 1164 1489 autem
1190 1457 1269 1489 laus
1293 1455 1435 1498 poesios
1460 1456 1566 1499 Pyth.
1593 1456 1621 1489 1.

253 1519 420 1551 habetur.
468 1518 583 1560 Atque
606 1516 655 1549 ita
677 1515 801 1557 vides,
827 1520 866 1550 ut
889 1517 973 1559 dixi,
999 1516 1122 1550 multis
1144 1516 1261 1549 modis
1284 1517 1466 1550 variatam
1490 1529 1621 1561 prooe-

253 1580 319 1612 mii
340 1579 498 1612 formam
522 1589 565 1610 ex
589 1578 697 1610 laude
723 1577 876 1621 poesios.
925 1579 990 1612 Est
1014 1578 1141 1611 deinde
1161 1578 1260 1611 aliud
1277 1590 1401 1622 geum,
1427 1579 1489 1612 ubi
1512 1579 1622 1613 simul

254 1641 322 1674 diis
345 1641 530 1673 dedicatur
555 1649 712 1671 carmen.
766 1639 877 1671 Tales
899 1639 1057 1683 primum
1081 1644 1162 1672 sunt
1186 1643 1351 1672 auctores
1375 1639 1621 1684 victoriarum,

253 1701 314 1746 qui
339 1702 540 1743 laudantur,
565 1711 674 1743 saepe
700 1700 808 1733 etiam
833 1704 989 1743 orantur,
1016 1705 1054 1734 ιιι
1077 1701 1232 1745 benigne
1251 1700 1427 1744 recipiant
1444 1702 1622 1746 hymnum

253 1767 289 1797 et
312 1773 495 1806 pompam.
544 1761 605 1795 Sic
629 1772 774 1794 carmen
799 1761 855 1795 01.
880 1763 941 1796 ΙΙΙ.
969 1766 1199 1795 consecratur
1223 1763 1453 1806 Tyndaridis,
1480 1764 1537 1797 01.
1562 1764 1621 1798 IV.

253 1825 348 1867 Iovi,
381 1825 438 1858 Ol.
464 1824 558 1857 vm.
585 1821 803 1866 Olympiae,
837 1822 893 1856 01.
921 1825 999 1857 ΧΠ.
1037 1825 1234 1864 Fortunae,
1267 1823 1323 1857 01.
1355 1825 1448 1858 XIV.
1475 1825 1622 1868 Gratiis,

250 1887 358 1930 Pyth.
378 1886 437 1918 IV.
456 1883 643 1928 Delphicis
663 1883 741 1926 diis,
756 1884 865 1927 Pyth.
877 1885 967 1917 VIII.
986 1884 1205 1928 Hesychiae,
1224 1884 1326 1917 Nem.
1344 1885 1420 1918 vll.
1438 1886 1621 1930 Ilithyiae,

249 1948 376 1980 Isthm.
401 1947 458 1979 lv.
483 1946 613 1979 Thiae.
670 1945 751 1978 Alia
775 1957 863 1978 vero
888 1946 987 1979 urbis
1011 1946 1151 1990 patriae
1176 1946 1382 1990 cognomini
1407 1948 1496 1980 deae
1521 1948 1622 1981 dedi-

252 2012 388 2048 cantur,
415 2011 456 2040 ut
477 2007 604 2039 Isthm.
631 2006 657 2039 1.
685 2010 719 2039 et
742 2007 797 2039 Vl.
823 2008 988 2049 Thebae,
1022 2007 1123 2040 Nem.
1148 2007 1192 2040 X.
1218 2007 1402 2051 Argorum
1426 2009 1537 2051 laudi,
1562 2010 1621 2044 Ol.

251 2070 348 2103 XIII.
375 2069 564 2109 Corintho,
589 2068 692 2101 Nem.
711 2069 738 2100 Ι.
766 2068 962 2113 Ortygiae3
988 2072 1024 2101 at
1044 2068 1101 2103 01.
1119 2068 1158 2100 V.
1185 2068 1378 2102 Camarina
1400 2070 1468 2103 dea
1488 2074 1621 2113 oratur,

250 2135 289 2164 ut
313 2129 471 2174 propitia
496 2129 698 2162 Psaumidis
731 2141 904 2173 pompam
927 2128 1098 2172 recipiat,
1132 2132 1167 2162 et
1191 2129 1298 2172 Pyth.
1326 2131 1405 2163 XII.
1430 2131 1621 2177 Agrigenti

251 2192 331 2232 dea,
357 2194 395 2223 ut
412 2189 548 2223 Midae.
588 2190 750 2233 Denique
774 2191 998 2235 singularem
1019 2201 1167 2223 causam
1193 2191 1304 2224 habet
1320 2192 1448 2226 Vestae
1473 2192 1622 2227 invoca-

249 2253 300 2286 tio
322 2252 424 2286 Nem.
451 2251 536 2292 XL,
571 2262 636 2283 nec
668 2255 859 2294 praetereo
894 2252 994 2285 Nem.
1020 2253 1132 2293 vllL,
1163 2253 1259 2295 quod
1281 2253 1454 2287 Iuventae
1487 2253 1621 2287 amoris

250 2314 395 2348 nuntiae
420 2313 619 2345 dedicatur.
667 2312 760 2346 Nam
785 2313 853 2346 dea
876 2313 928 2346 ibi
953 2316 1017 2346 est.
1067 2314 1198 2346 Totum
1225 2313 1295 2346 hoc
1317 2325 1431 2357 genus
1456 2314 1620 2359 mythico

251 2379 378 2407 ornatu
403 2374 538 2417 placet,
571 2376 609 2406 ιιι
641 2375 794 2407 alterum
828 2374 972 2417 poesios
1007 2373 1147 2407 variata
1178 2373 1296 2406 laude.
1353 2375 1443 2409 Sunt
1466 2376 1620 2419 denique

250 2446 380 2480 pauca,
404 2435 477 2477 ubi,
504 2445 612 2478 quum
635 2446 778 2469 summa
801 2435 977 2468 sententia
999 2434 1168 2468 carminis
1192 2439 1424 2478 proponatur,
1450 2440 1557 2479 poeta
1581 2448 1620 2471 se

251 2497 296 2530 de
320 2497 378 2530 his
402 2507 533 2530 canere
547 2497 646 2530 velle
666 2500 727 2530 aut
751 2500 831 2540 post
850 2495 1074 2540 prooemium
1095 2495 1181 2529 dicit
1206 2499 1268 2530 aut
1286 2507 1329 2529 ne
1349 2496 1436 2530 dicit
1461 2497 1619 2540 quidem,

251 2559 314 2592 sed
339 2558 419 2602 ipsa
441 2569 480 2591 re
503 2557 705 2602 significat3
740 2558 787 2591 cf.
809 2558 866 2592 01.
893 2558 950 2591 Vl.
976 2558 1101 2591 Isthm.
1127 2557 1190 2590 111.
1222 2557 1331 2602 Pyth.
1356 2559 1395 2590 V.
1429 2558 1533 2593 Nem.
1559 2559 1620 2592 VI.

253 2620 304 2654 Ac
337 2621 380 2654 de
406 2623 531 2654 ornatu
555 2618 732 2663 prooemii
756 2618 910 2660 dictum3
942 2619 1090 2664 gravius
1114 2623 1168 2654 est
1190 2620 1363 2662 altmun,
1389 2619 1485 2662 quod
1509 2629 1619 2663 supra
