1751 2986
281 158 307 186 x

282 262 362 284 cum
385 249 593 284 fortitudine
615 250 788 284 iustitiam
811 250 882 284 viri
904 251 1025 285 laudet
1049 261 1072 284 a
1093 251 1264 285 violentia
1287 250 1406 284 alieni.
1440 251 1504 285 Est
1524 250 1638 296 igitur

280 313 446 347 tractatio
471 313 602 355 duplex
627 311 673 345 ad
697 312 792 345 idem
815 311 976 354 rediens;
1013 316 1162 356 utraque
1197 314 1276 346 sola
1306 324 1372 356 per
1395 323 1433 346 se
1456 312 1637 358 integram

280 374 491 408 sententiam
513 374 626 406 habet
648 377 683 406 ct
706 384 770 417 per
792 384 831 406 se
854 375 932 407 sola
956 375 1074 418 placet
1093 374 1266 408 concinna
1281 374 1526 407 membrorum
1548 374 1637 408 duo-

280 447 359 468 rum
383 435 650 478 compositione.

369 495 600 529 Perlustratis
620 494 838 528 carminibus
859 496 1023 530 omnibus
1042 496 1310 531 observationes
1326 497 1515 530 nonnullas
1530 496 1636 531 addo.

280 557 395 602 Igitur
427 557 581 600 primum
615 557 718 590 vides
749 557 901 590 virtutes
932 559 1132 592 cardinales
1155 560 1267 603 vulgo
1292 558 1405 591 dictas
1429 569 1493 602 per
1516 558 1639 592 omnia

280 617 426 651 Pindari
451 618 614 651 carmina
636 618 802 660 tractari,
838 630 928 662 quae
963 620 1022 652 diu
1046 624 1128 654 ante
1151 620 1389 664 philosophos
1411 619 1492 652 inde
1517 630 1540 652 a
1562 619 1639 664 pri-

280 680 349 712 scis
372 679 595 722 temporibus
619 680 654 712 in
679 681 935 725 religionibus,
968 681 1002 714 iu
1027 682 1180 722 fabulis,
1213 681 1249 714 in
1272 681 1416 726 legibus
1438 681 1639 723 civitatum,

280 742 316 775 in
340 742 559 775 carminibus
584 747 790 785 poctarum,
816 743 850 776 in
875 744 1034 777 moribus
1059 748 1095 777 et
1119 743 1280 777 sensibus
1302 743 1426 787 populi
1449 743 1639 776 habeban-

280 808 349 837 tur.
387 805 509 837 Prima
533 807 586 837 est
610 815 701 847 quae
725 804 831 838 toties
857 805 892 838 in
910 805 1082 848 Epiniciis
1101 805 1268 838 laudatur
1284 804 1467 848 ‘ortitudo,
1491 801 1638 848 ἀνδρία,

281 863 387 904 ἀλκά,
412 866 643 911 (iim-rdiam,
669 866 813 909 σθένος,
839 864 994 912 θράσος,
1019 865 1130 911 α’κμαὶ
1147 864 1272 909 ἰσχύος
1289 864 1539 911 θρασύπονοι,
1555 863 1639 911 α’ρε-

280 924 327 961 τὰ
351 926 433 961 κατ’
454 926 603 971 ἕξοχήν,
636 927 672 961 in
702 929 833 961 robore
865 929 1024 972 corporis
1056 928 1237 971 animique
1272 927 1475 971 conspicua.
1521 927 1640 961 Huius

281 992 361 1023 sunt
385 987 515 1031 πόνοι,
547 986 703 1032 μόχθοι,
735 988 834 1034 ἔργα.
881 991 945 1023 Est
967 991 1026 1023 vel
1048 990 1188 1023 ludicra.
1213 993 1247 1022 et
1272 990 1305 1022 in
1329 990 1498 1023 ludorum
1521 993 1639 1023 certa-

280 1050 436 1084 minibus
454 1055 609 1093 versata,
632 1053 691 1085 vel
708 1051 853 1093 bellica,
878 1055 913 1085 et
928 1051 1084 1085 vidimus
1102 1063 1196 1084 nunc
1212 1051 1392 1084 ludicram
1407 1052 1523 1085 solam
1541 1051 1639 1084 cele-

279 1114 441 1156 bratam,
468 1124 561 1145 nunc
583 1113 761 1146 ludicram
786 1117 821 1146 et
843 1114 1012 1147 bellicam
1038 1115 1262 1147 coniunctam
1287 1124 1357 1146 una
1380 1113 1523 1145 notione
1541 1123 1640 1144 com-

281 1176 516 1218 prehensam,
541 1181 633 1207 'nunc
657 1175 808 1218 denique
832 1175 1016 1208 distinctas
1039 1176 1186 1217 ambas,
1217 1174 1388 1219 oppositis
1411 1174 1511 1218 pacis
1532 1173 1641 1207 belli-

280 1248 348 1279 que
367 1236 514 1269 artibus.
552 1236 727 1269 Succedat
742 1247 834 1280 quae
854 1238 949 1280 apud
963 1238 1198 1280 philosophos
1215 1235 1391 1282 φρόνησις
1401 1236 1508 1277 dicta,
1524 1236 1640 1280 vulgo

279 1302 399 1330 autem
423 1298 568 1330 omnino
594 1298 843 1340 complectitur
865 1298 993 1331 mentis
1009 1298 1213 1343 ingeniique
1230 1298 1306 1332 vim
1326 1302 1359 1332 et
1379 1308 1542 1338 acumen,
1565 1298 1639 1330 sol-

279 1358 433 1400 lertiam,
445 1359 682 1403 prudentiam,
699 1359 928 1402 sapientiam,
948 1359 1060 1405 φρήν,
1079 1359 1223 1399 σύνεσις
1241 1360 1400 1405 φρενῶν,
1417 1360 1536 1404 μῆτις,
1550 1358 1640 1404 βου-

280 1421 350 1462 λαί,
375 1420 490 1462 σοφία
515 1419 598 1462 (das
622 1420 904 1463 Verstandvfflle,
928 1422 1059 1466 Kluge,
1083 1422 1244 1466 Sinnige,
1268 1421 1524 1465 Einsichtige).
1561 1421 1640 1453 Hu-

280 1482 335 1516 ius
366 1485 419 1515 est
449 1484 553 1514 acute
576 1481 700 1514 videre
724 1482 760 1515 in
785 1493 926 1525 quaque
949 1493 1010 1522 re,
1043 1482 1249 1526 excogitare
1273 1487 1307 1515 et
1331 1482 1491 1516 invenire
1515 1483 1641 1525 pulcra

281 1548 316 1578 et
337 1543 547 1587 ingeniosa,
582 1543 774 1584 providere
797 1543 941 1586 futura,
965 1544 1168 1588 intelligere
1193 1544 1338 1587 ubique,
1363 1544 1447 1587 quid
1472 1543 1518 1577 sit
1543 1542 1637 1587 opti-

281 1617 380 1639 mum
404 1608 440 1637 et
457 1602 694 1644 verissimum,
720 1603 867 1637 consilia
886 1608 985 1637 recta
1003 1615 1133 1647 capere
1150 1605 1311 1650 (καρπὸς
1326 1606 1504 1652 φρενῶν),
1529 1605 1640 1639 etiam

282 1678 386 1700 nosse
409 1677 447 1698 se
471 1665 590 1708 ipsum
613 1667 648 1697 et
670 1675 792 1697 rerum
815 1665 1057 1699 humanarum
1080 1667 1385 1709 imbecillitatem,
1421 1678 1485 1699 nec
1508 1677 1642 1710 cupere

280 1730 386 1762 stulte
411 1737 501 1770 quae
525 1725 611 1758 data
634 1736 703 1758 non
727 1725 805 1758 sint.
852 1726 963 1759 Porro
989 1727 1228 1773 σωφροσύνη,
1252 1728 1510 1772 temperantia,
1534 1739 1642 1762 vere-

283 1789 431 1830 cundia,
454 1786 648 1828 modestia,
671 1787 893 1829 moderatim
928 1793 980 1823 est
1006 1802 1097 1833 quae
1122 1792 1271 1824 modum
1296 1795 1392 1824 tenet
1415 1791 1449 1824 in
1475 1789 1642 1822 omuibus

283 1856 317 1886 et
339 1852 519 1888 decorem,
546 1848 760 1891 cupiditates
785 1849 939 1891 cohibet,
964 1863 1033 1885 non
1058 1853 1204 1886 affectat
1227 1852 1376 1885 nimiam
1399 1852 1581 1885 fortunam
1605 1853 1641 1884 et

282 1924 304 1948 a
326 1911 497 1956 superbia
519 1910 780 1953 insolentiaque
805 1911 976 1950 abstinet,
1006 1915 1045 1946 ut
1075 1914 1188 1946 solent
1213 1914 1376 1946 homines
1399 1913 1435 1946 in
1459 1912 1642 1956 prosperis

282 1976 390 2009 rebus
400 1971 609 2018 ύψίφρονες
626 1970 672 2005 τὰ
687 1970 810 2015 μακρὰ
826 1972 1060 2015 παπταίνειν,
1083 1975 1366 2018 μεγαλανορίαις
1385 1973 1579 2018 ἐμβαίνειν,
1607 1976 1643 2007 ct

284 2037 330 2071 ad
350 2034 462 2081 κόρον
481 2038 516 2067 et
533 2031 641 2078 ὕβριν
660 2032 847 2066 inclinare.
881 2034 941 2067 Sic
961 2035 1054 2067 haec
1074 2034 1188 2067 virtus
1207 2035 1385 2069 interdum
1405 2036 1532 2068 eodem
1550 2035 1643 2068 redit

283 2109 365 2131 cum
389 2097 514 2140 σοφίᾳ,
538 2098 576 2127 ut
599 2095 641 2127 fit
664 2094 699 2127 in
723 2095 830 2127 rebus
854 2094 1040 2137 humanis,
1066 2099 1250 2138 potestque
1274 2107 1341 2129 non
1367 2097 1478 2129 semel
1498 2095 1642 2139 sapien-

283 2159 334 2193 tia
358 2161 393 2191 et
418 2156 619 2190 moderatio
644 2155 714 2189 dici
739 2156 772 2189 iu
798 2156 925 2189 eadem
950 2168 1010 2196 re,
1044 2156 1111 2190 nisi
1135 2158 1228 2200 quod
1253 2158 1388 2201 σοφίας
1412 2168 1541 2190 nomen
1564 2156 1642 2190 fere

282 2218 494 2260 senioribus,
514 2216 755 2262 σωφροσύνης
772 2218 970 2252 iunioribus
989 2217 1127 2251 videtur
1140 2219 1456 2252 accommodatius.
1481 2218 1642 2261 Denique

283 2281 430 2323 iustitia,
455 2281 553 2321 δίκα,
591 2280 703 2324 vulgo
730 2277 968 2322 δικαιοσύνη,
993 2280 1132 2321 dicitur,
1155 2280 1186 2313 si
1209 2291 1314 2314 suum
1340 2280 1468 2323 cuique
1493 2279 1642 2322 tribuas,

283 2344 342 2387 pie
374 2343 472 2375 colas
497 2342 603 2384 deos,
634 2341 668 2374 iu
703 2341 867 2374 homines
902 2340 998 2374 mitis
1029 2344 1064 2373 et
1088 2351 1223 2383 aequus
1247 2341 1295 2374 sis
1329 2345 1364 2374 et
1387 2342 1567 2375 abstineas
1590 2342 1640 2386 vi,

284 2404 509 2446 crudelitate,
533 2403 696 2445 saevitia,
722 2406 827 2445 atque
852 2402 1164 2443 etiambonitatis,
1190 2402 1463 2436 benevolentiae
1488 2406 1522 2436 et
1541 2414 1642 2437 amo-

284 2467 334 2500 ris
357 2477 479 2499 sensus
502 2466 575 2498 huc
607 2465 827 2498 revocabant
851 2468 1004 2497 veteres.
1054 2464 1221 2497 Ceterum
1246 2465 1398 2508 pertinet
1423 2465 1571 2507 codem,
1604 2468 1644 2500 ut

285 2539 350 2571 per
373 2539 411 2561 se
436 2530 553 2570 patet,
587 2526 695 2560 ctiam
720 2523 874 2570 ἡσυχία,
911 2524 1084 2569 εὐνομία,
1112 2525 1222 2569 Θέμις
1246 2527 1279 2559 ἰη
1305 2526 1510 2561 civitatibus
1532 2538 1642 2572 saepe

284 2589 443 2630 laudata,
468 2588 563 2632 quod
585 2585 657 2622 ὑπὸ
686 2587 837 2633 στάθμᾳ
854 2586 1032 2631 νέμεσθαι
1057 2591 1110 2621 est
1128 2588 1262 2622 dictum
1281 2589 1430 2634 Fragm.
1444 2589 1500 2622 lv.
1517 2590 1643 2624 lsthm.

285 2652 375 2686 Sunt
398 2661 485 2685 vero
510 2650 583 2684 alia
607 2650 784 2695 religione
809 2653 844 2683 et
867 2660 889 2682 a
914 2648 983 2682 diis
1008 2649 1242 2694 praescripta,
1268 2650 1340 2684 alia
1362 2650 1505 2695 legibus
1529 2654 1564 2684 et
1581 2661 1644 2695 po-

285 2711 385 2747 litico
411 2712 507 2754 iure;
533 2713 597 2747 illa
613 2711 732 2757 θέμις,
757 2711 850 2746 haec
872 2712 956 2756 δίκη
981 2711 1110 2746 dicitur
1134 2711 1280 2756 proprie
1299 2711 1365 2756 (ef.
1380 2712 1426 2746 ad
1443 2712 1643 2758 Fragmen-
