<?xml version="1.0" encoding="UTF-8"?>
<!DOCTYPE html PUBLIC "-//W3C//DTD XHTML 1.0 Transitional//EN"
    "http://www.w3.org/TR/xhtml1/DTD/xhtml1-transitional.dtd">
<html xmlns="http://www.w3.org/1999/xhtml" xml:lang="en" lang="en">
 <head>
  <title>
</title>
<meta http-equiv="Content-Type" content="text/html;charset=utf-8" />
  <meta name='ocr-system' content='tesseract 3.04.00' />
  <meta name='ocr-capabilities' content='ocr_page ocr_carea ocr_par ocr_line ocrx_word'/>
</head>
<body>
  <div class='ocr_page' id='page_1' title='image "./carminaquaesuper01pinduoft_0028.png"; bbox 0 0 1751 2986; ppageno 0'>
   <div class='ocr_carea' id='block_1_1' title="bbox 273 155 328 182">
    <p class='ocr_par' dir='ltr' id='par_1_1' title="bbox 273 155 328 182">
     <span class='ocr_line' id='line_1_1' title="bbox 273 155 328 182; baseline -0.018 0"><span class='ocrx_word' id='word_1_1' title='bbox 273 155 328 182; x_wconf 73' lang='lat' dir='ltr'><strong>xil</strong></span> 
     </span>
    </p>
   </div>
   <div class='ocr_carea' id='block_1_2' title="bbox 271 243 1633 1579">
    <p class='ocr_par' dir='ltr' id='par_1_2' title="bbox 271 243 1633 1579">
     <span class='ocr_line' id='line_1_2' title="bbox 271 243 1630 292; baseline -0.001 -12"><span class='ocrx_word' id='word_1_2' title='bbox 271 247 408 291; x_wconf 86' lang='lat' dir='ltr'><strong>pulcra,</strong></span> <span class='ocrx_word' id='word_1_3' title='bbox 432 246 630 292; x_wconf 83' lang='lat' dir='ltr'><strong>ingeniosa,</strong></span> <span class='ocrx_word' id='word_1_4' title='bbox 653 245 811 286; x_wconf 81' lang='lat' dir='ltr'><strong>sublimi,</strong></span> <span class='ocrx_word' id='word_1_5' title='bbox 834 247 869 278; x_wconf 88' lang='lat' dir='ltr'><strong>et</strong></span> <span class='ocrx_word' id='word_1_6' title='bbox 893 243 1028 277; x_wconf 76' lang='lat' dir='ltr'><strong>frustra</strong></span> <span class='ocrx_word' id='word_1_7' title='bbox 1052 245 1285 289; x_wconf 84' lang='lat' dir='ltr'><strong>undequaque</strong></span> <span class='ocrx_word' id='word_1_8' title='bbox 1308 256 1430 278; x_wconf 89' lang='lat' dir='ltr'><strong>rerum</strong></span> <span class='ocrx_word' id='word_1_9' title='bbox 1448 248 1482 279; x_wconf 87' lang='lat' dir='ltr'><strong>et</strong></span> <span class='ocrx_word' id='word_1_10' title='bbox 1497 245 1630 279; x_wconf 85' lang='lat' dir='ltr'><strong>verbo-</strong></span> 
     </span>
     <span class='ocr_line' id='line_1_3' title="bbox 272 305 1629 347; baseline 0.001 -7"><span class='ocrx_word' id='word_1_11' title='bbox 272 319 351 342; x_wconf 85' lang='lat' dir='ltr'><strong>rum</strong></span> <span class='ocrx_word' id='word_1_12' title='bbox 376 311 585 341; x_wconf 87' lang='lat' dir='ltr'><strong>ornamenta</strong></span> <span class='ocrx_word' id='word_1_13' title='bbox 609 307 805 347; x_wconf 80' lang='lat' dir='ltr'><strong>adsciscas,</strong></span> <span class='ocrx_word' id='word_1_14' title='bbox 840 305 1111 339; x_wconf 87' lang='lat' dir='ltr'><strong>fundamentum</strong></span> <span class='ocrx_word' id='word_1_15' title='bbox 1135 307 1197 340; x_wconf 92' lang='lat' dir='ltr'><strong>ubi</strong></span> <span class='ocrx_word' id='word_1_16' title='bbox 1223 308 1316 341; x_wconf 91' lang='lat' dir='ltr'><strong>intus</strong></span> <span class='ocrx_word' id='word_1_17' title='bbox 1339 308 1477 340; x_wconf 86' lang='lat' dir='ltr'><strong>nullum</strong></span> <span class='ocrx_word' id='word_1_18' title='bbox 1500 307 1546 340; x_wconf 85' lang='lat' dir='ltr'><strong>sit</strong></span> <span class='ocrx_word' id='word_1_19' title='bbox 1569 310 1629 341; x_wconf 84' lang='lat' dir='ltr'><strong>aut</strong></span> 
     </span>
     <span class='ocr_line' id='line_1_4' title="bbox 273 367 1629 413; baseline 0 -11"><span class='ocrx_word' id='word_1_20' title='bbox 273 381 416 403; x_wconf 87' lang='lat' dir='ltr'><strong>cassum</strong></span> <span class='ocrx_word' id='word_1_21' title='bbox 440 373 473 402; x_wconf 89' lang='lat' dir='ltr'><strong>et</strong></span> <span class='ocrx_word' id='word_1_22' title='bbox 497 369 612 402; x_wconf 87' lang='lat' dir='ltr'><strong>inane.</strong></span> <span class='ocrx_word' id='word_1_23' title='bbox 653 369 864 410; x_wconf 80' lang='lat' dir='ltr'><strong>Quanquam</strong></span> <span class='ocrx_word' id='word_1_24' title='bbox 890 367 1000 410; x_wconf 82' lang='lat' dir='ltr'><strong>vulgo</strong></span> <span class='ocrx_word' id='word_1_25' title='bbox 1023 368 1124 401; x_wconf 92' lang='lat' dir='ltr'><strong>multi</strong></span> <span class='ocrx_word' id='word_1_26' title='bbox 1148 368 1373 413; x_wconf 83' lang='lat' dir='ltr'><strong>singulorum</strong></span> <span class='ocrx_word' id='word_1_27' title='bbox 1391 369 1555 402; x_wconf 79' lang='lat' dir='ltr'><strong>locorum</strong></span> <span class='ocrx_word' id='word_1_28' title='bbox 1573 369 1629 402; x_wconf 85' lang='lat' dir='ltr'><strong>lu-</strong></span> 
     </span>
     <span class='ocr_line' id='line_1_5' title="bbox 272 427 1630 473; baseline -0.001 -9"><span class='ocrx_word' id='word_1_29' title='bbox 272 431 428 464; x_wconf 80' lang='lat' dir='ltr'><strong>minibus</strong></span> <span class='ocrx_word' id='word_1_30' title='bbox 452 430 661 473; x_wconf 79' lang='lat' dir='ltr'><strong>capiuntur,</strong></span> <span class='ocrx_word' id='word_1_31' title='bbox 687 428 794 461; x_wconf 87' lang='lat' dir='ltr'><strong>altius</strong></span> <span class='ocrx_word' id='word_1_32' title='bbox 818 431 1008 471; x_wconf 84' lang='lat' dir='ltr'><strong>penetrare</strong></span> <span class='ocrx_word' id='word_1_33' title='bbox 1031 427 1065 460; x_wconf 91' lang='lat' dir='ltr'><strong>in</strong></span> <span class='ocrx_word' id='word_1_34' title='bbox 1089 427 1214 460; x_wconf 88' lang='lat' dir='ltr'><strong>intima</strong></span> <span class='ocrx_word' id='word_1_35' title='bbox 1240 430 1535 472; x_wconf 80' lang='lat' dir='ltr'><strong>compositionum</strong></span> <span class='ocrx_word' id='word_1_36' title='bbox 1561 441 1630 463; x_wconf 89' lang='lat' dir='ltr'><strong>non</strong></span> 
     </span>
     <span class='ocr_line' id='line_1_6' title="bbox 273 489 1630 535; baseline -0.001 -10"><span class='ocrx_word' id='word_1_37' title='bbox 273 503 362 535; x_wconf 91' lang='lat' dir='ltr'><strong>opus</strong></span> <span class='ocrx_word' id='word_1_38' title='bbox 387 493 531 525; x_wconf 87' lang='lat' dir='ltr'><strong>habent.</strong></span> <span class='ocrx_word' id='word_1_39' title='bbox 578 490 753 524; x_wconf 80' lang='lat' dir='ltr'><strong>Pindarus</strong></span> <span class='ocrx_word' id='word_1_40' title='bbox 777 500 884 531; x_wconf 83' lang='lat' dir='ltr'><strong>vero,</strong></span> <span class='ocrx_word' id='word_1_41' title='bbox 918 500 986 530; x_wconf 91' lang='lat' dir='ltr'><strong>quo</strong></span> <span class='ocrx_word' id='word_1_42' title='bbox 1012 492 1087 521; x_wconf 85' lang='lat' dir='ltr'><strong>erat</strong></span> <span class='ocrx_word' id='word_1_43' title='bbox 1111 489 1276 533; x_wconf 81' lang='lat' dir='ltr'><strong>ingenio,</strong></span> <span class='ocrx_word' id='word_1_44' title='bbox 1309 502 1378 523; x_wconf 89' lang='lat' dir='ltr'><strong>non</strong></span> <span class='ocrx_word' id='word_1_45' title='bbox 1403 492 1520 524; x_wconf 90' lang='lat' dir='ltr'><strong>solum</strong></span> <span class='ocrx_word' id='word_1_46' title='bbox 1544 502 1630 524; x_wconf 90' lang='lat' dir='ltr'><strong>vere</strong></span> 
     </span>
     <span class='ocr_line' id='line_1_7' title="bbox 272 549 1632 596; baseline 0 -10"><span class='ocrx_word' id='word_1_47' title='bbox 272 553 426 596; x_wconf 81' lang='lat' dir='ltr'><strong>poetica,</strong></span> <span class='ocrx_word' id='word_1_48' title='bbox 451 553 513 585; x_wconf 82' lang='lat' dir='ltr'><strong>sed</strong></span> <span class='ocrx_word' id='word_1_49' title='bbox 533 551 642 584; x_wconf 86' lang='lat' dir='ltr'><strong>etiam</strong></span> <span class='ocrx_word' id='word_1_50' title='bbox 660 549 845 593; x_wconf 89' lang='lat' dir='ltr'><strong>aptissima</strong></span> <span class='ocrx_word' id='word_1_51' title='bbox 863 549 1035 592; x_wconf 87' lang='lat' dir='ltr'><strong>personis,</strong></span> <span class='ocrx_word' id='word_1_52' title='bbox 1062 550 1162 589; x_wconf 89' lang='lat' dir='ltr'><strong>locis,</strong></span> <span class='ocrx_word' id='word_1_53' title='bbox 1187 551 1406 594; x_wconf 86' lang='lat' dir='ltr'><strong>temporibus</strong></span> <span class='ocrx_word' id='word_1_54' title='bbox 1422 552 1541 595; x_wconf 86' lang='lat' dir='ltr'><strong>posuit</strong></span> <span class='ocrx_word' id='word_1_55' title='bbox 1553 552 1632 586; x_wconf 86' lang='lat' dir='ltr'><strong>ubi-</strong></span> 
     </span>
     <span class='ocr_line' id='line_1_8' title="bbox 274 610 1632 657; baseline 0.001 -11"><span class='ocrx_word' id='word_1_56' title='bbox 274 625 342 656; x_wconf 91' lang='lat' dir='ltr'><strong>que</strong></span> <span class='ocrx_word' id='word_1_57' title='bbox 367 613 565 645; x_wconf 84' lang='lat' dir='ltr'><strong>carminum</strong></span> <span class='ocrx_word' id='word_1_58' title='bbox 589 612 832 653; x_wconf 83' lang='lat' dir='ltr'><strong>fundamenta,</strong></span> <span class='ocrx_word' id='word_1_59' title='bbox 857 622 922 642; x_wconf 89' lang='lat' dir='ltr'><strong>nec</strong></span> <span class='ocrx_word' id='word_1_60' title='bbox 946 610 1139 653; x_wconf 71' lang='lat' dir='ltr'><strong>qiiithuam</strong></span> <span class='ocrx_word' id='word_1_61' title='bbox 1163 610 1198 643; x_wconf 93' lang='lat' dir='ltr'><strong>in</strong></span> <span class='ocrx_word' id='word_1_62' title='bbox 1217 612 1287 644; x_wconf 89' lang='lat' dir='ltr'><strong>hoc</strong></span> <span class='ocrx_word' id='word_1_63' title='bbox 1304 624 1437 656; x_wconf 82' lang='lat' dir='ltr'><strong>genere</strong></span> <span class='ocrx_word' id='word_1_64' title='bbox 1453 614 1632 657; x_wconf 83' lang='lat' dir='ltr'><strong>probavit,</strong></span> 
     </span>
     <span class='ocr_line' id='line_1_9' title="bbox 274 673 1632 718; baseline 0 -10"><span class='ocrx_word' id='word_1_65' title='bbox 274 676 368 718; x_wconf 81' lang='lat' dir='ltr'><strong>quod</strong></span> <span class='ocrx_word' id='word_1_66' title='bbox 400 686 467 707; x_wconf 90' lang='lat' dir='ltr'><strong>non</strong></span> <span class='ocrx_word' id='word_1_67' title='bbox 497 674 602 707; x_wconf 89' lang='lat' dir='ltr'><strong>simul</strong></span> <span class='ocrx_word' id='word_1_68' title='bbox 636 673 883 716; x_wconf 87' lang='lat' dir='ltr'><strong>praesentibus</strong></span> <span class='ocrx_word' id='word_1_69' title='bbox 916 673 1024 705; x_wconf 88' lang='lat' dir='ltr'><strong>rebus</strong></span> <span class='ocrx_word' id='word_1_70' title='bbox 1054 674 1159 715; x_wconf 90' lang='lat' dir='ltr'><strong>plane</strong></span> <span class='ocrx_word' id='word_1_71' title='bbox 1191 674 1396 707; x_wconf 88' lang='lat' dir='ltr'><strong>conveniret</strong></span> <span class='ocrx_word' id='word_1_72' title='bbox 1420 678 1526 718; x_wconf 88' lang='lat' dir='ltr'><strong>atque</strong></span> <span class='ocrx_word' id='word_1_73' title='bbox 1549 675 1632 708; x_wconf 78' lang='lat' dir='ltr'><strong>inde</strong></span> 
     </span>
     <span class='ocr_line' id='line_1_10' title="bbox 274 734 1632 778; baseline -0.001 -8"><span class='ocrx_word' id='word_1_74' title='bbox 274 737 419 770; x_wconf 90' lang='lat' dir='ltr'><strong>ductum</strong></span> <span class='ocrx_word' id='word_1_75' title='bbox 444 740 553 769; x_wconf 90' lang='lat' dir='ltr'><strong>esset:</strong></span> <span class='ocrx_word' id='word_1_76' title='bbox 580 747 671 778; x_wconf 89' lang='lat' dir='ltr'><strong>quae</strong></span> <span class='ocrx_word' id='word_1_77' title='bbox 697 738 750 768; x_wconf 91' lang='lat' dir='ltr'><strong>est</strong></span> <span class='ocrx_word' id='word_1_78' title='bbox 774 735 888 767; x_wconf 87' lang='lat' dir='ltr'><strong>altera</strong></span> <span class='ocrx_word' id='word_1_79' title='bbox 912 734 993 766; x_wconf 89' lang='lat' dir='ltr'><strong>laus</strong></span> <span class='ocrx_word' id='word_1_80' title='bbox 1019 734 1154 778; x_wconf 78' lang='lat' dir='ltr'><strong>lyricae</strong></span> <span class='ocrx_word' id='word_1_81' title='bbox 1178 735 1320 777; x_wconf 89' lang='lat' dir='ltr'><strong>poesios</strong></span> <span class='ocrx_word' id='word_1_82' title='bbox 1345 739 1379 768; x_wconf 92' lang='lat' dir='ltr'><strong>et</strong></span> <span class='ocrx_word' id='word_1_83' title='bbox 1396 735 1529 768; x_wconf 89' lang='lat' dir='ltr'><strong>horum</strong></span> <span class='ocrx_word' id='word_1_84' title='bbox 1542 734 1632 778; x_wconf 82' lang='lat' dir='ltr'><strong>Epi-</strong></span> 
     </span>
     <span class='ocr_line' id='line_1_11' title="bbox 274 795 1631 840; baseline -0.001 -9"><span class='ocrx_word' id='word_1_85' title='bbox 274 798 462 832; x_wconf 86' lang='lat' dir='ltr'><strong>niciorum.</strong></span> <span class='ocrx_word' id='word_1_86' title='bbox 509 798 588 829; x_wconf 85' lang='lat' dir='ltr'><strong>Hoc</strong></span> <span class='ocrx_word' id='word_1_87' title='bbox 613 800 732 830; x_wconf 87' lang='lat' dir='ltr'><strong>tamen</strong></span> <span class='ocrx_word' id='word_1_88' title='bbox 765 799 803 829; x_wconf 89' lang='lat' dir='ltr'><strong>ut</strong></span> <span class='ocrx_word' id='word_1_89' title='bbox 826 795 986 839; x_wconf 86' lang='lat' dir='ltr'><strong>pluribus</strong></span> <span class='ocrx_word' id='word_1_90' title='bbox 1012 795 1161 837; x_wconf 88' lang='lat' dir='ltr'><strong>probem</strong></span> <span class='ocrx_word' id='word_1_91' title='bbox 1190 806 1260 827; x_wconf 91' lang='lat' dir='ltr'><strong>non</strong></span> <span class='ocrx_word' id='word_1_92' title='bbox 1285 799 1337 829; x_wconf 88' lang='lat' dir='ltr'><strong>est</strong></span> <span class='ocrx_word' id='word_1_93' title='bbox 1361 807 1449 840; x_wconf 85' lang='lat' dir='ltr'><strong>opus</strong></span> <span class='ocrx_word' id='word_1_94' title='bbox 1473 800 1553 840; x_wconf 90' lang='lat' dir='ltr'><strong>post</strong></span> <span class='ocrx_word' id='word_1_95' title='bbox 1577 806 1631 838; x_wconf 82' lang='lat' dir='ltr'><strong>ea,</strong></span> 
     </span>
     <span class='ocr_line' id='line_1_12' title="bbox 274 856 1631 903; baseline -0.001 -12"><span class='ocrx_word' id='word_1_96' title='bbox 274 871 366 903; x_wconf 83' lang='lat' dir='ltr'><strong>quae</strong></span> <span class='ocrx_word' id='word_1_97' title='bbox 390 860 424 893; x_wconf 89' lang='lat' dir='ltr'><strong>in</strong></span> <span class='ocrx_word' id='word_1_98' title='bbox 445 859 766 893; x_wconf 87' lang='lat' dir='ltr'><strong>Introductionibus</strong></span> <span class='ocrx_word' id='word_1_99' title='bbox 792 857 838 890; x_wconf 91' lang='lat' dir='ltr'><strong>ad</strong></span> <span class='ocrx_word' id='word_1_100' title='bbox 863 857 1023 889; x_wconf 88' lang='lat' dir='ltr'><strong>carmina</strong></span> <span class='ocrx_word' id='word_1_101' title='bbox 1047 860 1153 899; x_wconf 86' lang='lat' dir='ltr'><strong>atque</strong></span> <span class='ocrx_word' id='word_1_102' title='bbox 1171 856 1278 889; x_wconf 87' lang='lat' dir='ltr'><strong>etiam</strong></span> <span class='ocrx_word' id='word_1_103' title='bbox 1297 868 1404 900; x_wconf 80' lang='lat' dir='ltr'><strong>supra</strong></span> <span class='ocrx_word' id='word_1_104' title='bbox 1424 857 1553 890; x_wconf 88' lang='lat' dir='ltr'><strong>iterum</strong></span> <span class='ocrx_word' id='word_1_105' title='bbox 1569 869 1631 890; x_wconf 87' lang='lat' dir='ltr'><strong>ex-</strong></span> 
     </span>
     <span class='ocr_line' id='line_1_13' title="bbox 274 918 1631 964; baseline -0.002 -11"><span class='ocrx_word' id='word_1_106' title='bbox 274 920 391 964; x_wconf 89' lang='lat' dir='ltr'><strong>posita</strong></span> <span class='ocrx_word' id='word_1_107' title='bbox 416 924 512 960; x_wconf 82' lang='lat' dir='ltr'><strong>sunt3</strong></span> <span class='ocrx_word' id='word_1_108' title='bbox 545 932 614 952; x_wconf 90' lang='lat' dir='ltr'><strong>non</strong></span> <span class='ocrx_word' id='word_1_109' title='bbox 639 930 756 963; x_wconf 88' lang='lat' dir='ltr'><strong>pauca</strong></span> <span class='ocrx_word' id='word_1_110' title='bbox 781 919 817 951; x_wconf 91' lang='lat' dir='ltr'><strong>in</strong></span> <span class='ocrx_word' id='word_1_111' title='bbox 842 918 999 952; x_wconf 89' lang='lat' dir='ltr'><strong>Scholiis</strong></span> <span class='ocrx_word' id='word_1_112' title='bbox 1024 918 1155 951; x_wconf 85' lang='lat' dir='ltr'><strong>tradita</strong></span> <span class='ocrx_word' id='word_1_113' title='bbox 1179 919 1374 960; x_wconf 86' lang='lat' dir='ltr'><strong>habemus,</strong></span> <span class='ocrx_word' id='word_1_114' title='bbox 1402 918 1475 951; x_wconf 88' lang='lat' dir='ltr'><strong>alia</strong></span> <span class='ocrx_word' id='word_1_115' title='bbox 1498 918 1631 951; x_wconf 88' lang='lat' dir='ltr'><strong>Pinda-</strong></span> 
     </span>
     <span class='ocr_line' id='line_1_14' title="bbox 274 979 1632 1025; baseline -0.001 -11"><span class='ocrx_word' id='word_1_116' title='bbox 274 994 334 1015; x_wconf 86' lang='lat' dir='ltr'><strong>rus</strong></span> <span class='ocrx_word' id='word_1_117' title='bbox 357 982 433 1025; x_wconf 91' lang='lat' dir='ltr'><strong>ipse</strong></span> <span class='ocrx_word' id='word_1_118' title='bbox 458 981 611 1022; x_wconf 78' lang='lat' dir='ltr'><strong>indicat,</strong></span> <span class='ocrx_word' id='word_1_119' title='bbox 635 981 812 1014; x_wconf 86' lang='lat' dir='ltr'><strong>interdum</strong></span> <span class='ocrx_word' id='word_1_120' title='bbox 838 981 980 1023; x_wconf 87' lang='lat' dir='ltr'><strong>quidem</strong></span> <span class='ocrx_word' id='word_1_121' title='bbox 1004 979 1235 1019; x_wconf 77' lang='lat' dir='ltr'><strong>brevissime,</strong></span> <span class='ocrx_word' id='word_1_122' title='bbox 1261 983 1299 1012; x_wconf 89' lang='lat' dir='ltr'><strong>ut</strong></span> <span class='ocrx_word' id='word_1_123' title='bbox 1322 982 1457 1012; x_wconf 88' lang='lat' dir='ltr'><strong>attenta</strong></span> <span class='ocrx_word' id='word_1_124' title='bbox 1480 979 1632 1013; x_wconf 87' lang='lat' dir='ltr'><strong>lectione</strong></span> 
     </span>
     <span class='ocr_line' id='line_1_15' title="bbox 275 1040 1631 1087; baseline -0.002 -10"><span class='ocrx_word' id='word_1_125' title='bbox 275 1055 366 1087; x_wconf 90' lang='lat' dir='ltr'><strong>opus</strong></span> <span class='ocrx_word' id='word_1_126' title='bbox 388 1044 453 1083; x_wconf 85' lang='lat' dir='ltr'><strong>sit,</strong></span> <span class='ocrx_word' id='word_1_127' title='bbox 486 1043 600 1077; x_wconf 83' lang='lat' dir='ltr'><strong>veluti</strong></span> <span class='ocrx_word' id='word_1_128' title='bbox 622 1043 683 1075; x_wconf 90' lang='lat' dir='ltr'><strong>ubi</strong></span> <span class='ocrx_word' id='word_1_129' title='bbox 714 1054 830 1075; x_wconf 83' lang='lat' dir='ltr'><strong>novae</strong></span> <span class='ocrx_word' id='word_1_130' title='bbox 856 1041 1030 1075; x_wconf 85' lang='lat' dir='ltr'><strong>victoriae</strong></span> <span class='ocrx_word' id='word_1_131' title='bbox 1056 1040 1256 1085; x_wconf 80' lang='lat' dir='ltr'><strong>agitantur,</strong></span> <span class='ocrx_word' id='word_1_132' title='bbox 1289 1051 1358 1083; x_wconf 92' lang='lat' dir='ltr'><strong>quo</strong></span> <span class='ocrx_word' id='word_1_133' title='bbox 1391 1043 1511 1073; x_wconf 91' lang='lat' dir='ltr'><strong>tamen</strong></span> <span class='ocrx_word' id='word_1_134' title='bbox 1534 1040 1631 1074; x_wconf 84' lang='lat' dir='ltr'><strong>refe-</strong></span> 
     </span>
     <span class='ocr_line' id='line_1_16' title="bbox 273 1101 1631 1148; baseline -0.002 -11"><span class='ocrx_word' id='word_1_135' title='bbox 273 1107 406 1139; x_wconf 88' lang='lat' dir='ltr'><strong>rendae</strong></span> <span class='ocrx_word' id='word_1_136' title='bbox 430 1110 509 1138; x_wconf 89' lang='lat' dir='ltr'><strong>sunt</strong></span> <span class='ocrx_word' id='word_1_137' title='bbox 522 1105 666 1148; x_wconf 82' lang='lat' dir='ltr'><strong>pietatis</strong></span> <span class='ocrx_word' id='word_1_138' title='bbox 684 1107 719 1137; x_wconf 90' lang='lat' dir='ltr'><strong>et</strong></span> <span class='ocrx_word' id='word_1_139' title='bbox 735 1103 932 1136; x_wconf 82' lang='lat' dir='ltr'><strong>modestiae</strong></span> <span class='ocrx_word' id='word_1_140' title='bbox 951 1102 1212 1135; x_wconf 86' lang='lat' dir='ltr'><strong>admonitiones</strong></span> <span class='ocrx_word' id='word_1_141' title='bbox 1231 1102 1266 1134; x_wconf 90' lang='lat' dir='ltr'><strong>in</strong></span> <span class='ocrx_word' id='word_1_142' title='bbox 1284 1101 1502 1134; x_wconf 82' lang='lat' dir='ltr'><strong>carminibus</strong></span> <span class='ocrx_word' id='word_1_143' title='bbox 1524 1101 1581 1135; x_wconf 85' lang='lat'><strong>01.</strong></span> <span class='ocrx_word' id='word_1_144' title='bbox 1601 1102 1631 1137; x_wconf 87' lang='grc' dir='ltr'>Ι</span> 
     </span>
     <span class='ocr_line' id='line_1_17' title="bbox 274 1163 1633 1221; baseline -0.002 -21"><span class='ocrx_word' id='word_1_145' title='bbox 274 1168 381 1211; x_wconf 82' lang='lat' dir='ltr'><strong>Pyth.</strong></span> <span class='ocrx_word' id='word_1_146' title='bbox 407 1167 447 1199; x_wconf 92' lang='lat' dir='ltr'><strong>V.</strong></span> <span class='ocrx_word' id='word_1_147' title='bbox 473 1167 597 1199; x_wconf 83' lang='lat' dir='ltr'><strong>Istlim.</strong></span> <span class='ocrx_word' id='word_1_148' title='bbox 625 1166 681 1198; x_wconf 80' lang='lat' dir='ltr'><strong>vl.</strong></span> <span class='ocrx_word' id='word_1_149' title='bbox 707 1169 742 1198; x_wconf 90' lang='lat' dir='ltr'><strong>et</strong></span> <span class='ocrx_word' id='word_1_150' title='bbox 766 1164 1057 1207; x_wconf 86' lang='lat' dir='ltr'><strong>Bellerophontis</strong></span> <span class='ocrx_word' id='word_1_151' title='bbox 1086 1165 1213 1198; x_wconf 84' lang='lat' dir='ltr'><strong>fabula</strong></span> <span class='ocrx_word' id='word_1_152' title='bbox 1238 1163 1294 1197; x_wconf 92' lang='lat' dir='ltr'><strong>Ol.</strong></span> <span class='ocrx_word' id='word_1_153' title='bbox 1318 1164 1415 1196; x_wconf 82' lang='lat' dir='ltr'><strong>Xlll.</strong></span> <span class='ocrx_word' id='word_1_154' title='bbox 1466 1163 1633 1221; x_wconf 80' lang='lat' dir='ltr'><strong>Denique</strong></span> 
     </span>
     <span class='ocr_line' id='line_1_18' title="bbox 275 1224 1632 1269; baseline -0.002 -8"><span class='ocrx_word' id='word_1_155' title='bbox 275 1228 347 1262; x_wconf 84' lang='lat' dir='ltr'><strong>alia</strong></span> <span class='ocrx_word' id='word_1_156' title='bbox 372 1227 579 1260; x_wconf 79' lang='lat' dir='ltr'><strong>coniectura</strong></span> <span class='ocrx_word' id='word_1_157' title='bbox 602 1228 765 1269; x_wconf 83' lang='lat' dir='ltr'><strong>suppleta</strong></span> <span class='ocrx_word' id='word_1_158' title='bbox 791 1226 931 1259; x_wconf 87' lang='lat' dir='ltr'><strong>videbis</strong></span> <span class='ocrx_word' id='word_1_159' title='bbox 956 1236 978 1258; x_wconf 88' lang='lat' dir='ltr'><strong>a</strong></span> <span class='ocrx_word' id='word_1_160' title='bbox 995 1225 1081 1258; x_wconf 85' lang='lat' dir='ltr'><strong>Boe</strong></span> <span class='ocrx_word' id='word_1_161' title='bbox 1094 1225 1198 1258; x_wconf 78' lang='lat' dir='ltr'><strong>ckhi</strong></span> <span class='ocrx_word' id='word_1_162' title='bbox 1211 1236 1230 1258; x_wconf 96' lang='lat' dir='ltr'><strong>o</strong></span> <span class='ocrx_word' id='word_1_163' title='bbox 1255 1228 1316 1258; x_wconf 90' lang='lat' dir='ltr'><strong>aut</strong></span> <span class='ocrx_word' id='word_1_164' title='bbox 1333 1236 1354 1258; x_wconf 89' lang='lat' dir='ltr'><strong>a</strong></span> <span class='ocrx_word' id='word_1_165' title='bbox 1373 1236 1431 1258; x_wconf 88' lang='lat' dir='ltr'><strong>me</strong></span> <span class='ocrx_word' id='word_1_166' title='bbox 1447 1224 1549 1258; x_wconf 87' lang='lat' dir='ltr'><strong>facili</strong></span> <span class='ocrx_word' id='word_1_167' title='bbox 1567 1237 1632 1258; x_wconf 91' lang='lat' dir='ltr'><strong>nec</strong></span> 
     </span>
     <span class='ocr_line' id='line_1_19' title="bbox 273 1284 1633 1333; baseline -0.004 -10"><span class='ocrx_word' id='word_1_168' title='bbox 273 1291 379 1333; x_wconf 82' lang='lat' dir='ltr'><strong>longe</strong></span> <span class='ocrx_word' id='word_1_169' title='bbox 405 1289 535 1332; x_wconf 88' lang='lat' dir='ltr'><strong>petita;</strong></span> <span class='ocrx_word' id='word_1_170' title='bbox 561 1291 597 1320; x_wconf 88' lang='lat' dir='ltr'><strong>ut</strong></span> <span class='ocrx_word' id='word_1_171' title='bbox 621 1289 755 1320; x_wconf 85' lang='lat' dir='ltr'><strong>nullum</strong></span> <span class='ocrx_word' id='word_1_172' title='bbox 782 1298 936 1333; x_wconf 45' lang='lat' dir='ltr'><strong>carmen‘</strong></span> <span class='ocrx_word' id='word_1_173' title='bbox 951 1290 1084 1328; x_wconf 80' lang='lat' dir='ltr'><strong>exstet,</strong></span> <span class='ocrx_word' id='word_1_174' title='bbox 1109 1287 1209 1320; x_wconf 89' lang='lat' dir='ltr'><strong>cuius</strong></span> <span class='ocrx_word' id='word_1_175' title='bbox 1232 1286 1325 1320; x_wconf 88' lang='lat' dir='ltr'><strong>ratio</strong></span> <span class='ocrx_word' id='word_1_176' title='bbox 1350 1286 1456 1329; x_wconf 90' lang='lat' dir='ltr'><strong>plane</strong></span> <span class='ocrx_word' id='word_1_177' title='bbox 1479 1284 1633 1329; x_wconf 84' lang='lat' dir='ltr'><strong>inexpli-</strong></span> 
     </span>
     <span class='ocr_line' id='line_1_20' title="bbox 275 1347 1633 1384; baseline -0.003 0"><span class='ocrx_word' id='word_1_178' title='bbox 275 1350 404 1384; x_wconf 87' lang='lat' dir='ltr'><strong>cabilis</strong></span> <span class='ocrx_word' id='word_1_179' title='bbox 427 1350 485 1382; x_wconf 86' lang='lat' dir='ltr'><strong>sit.</strong></span> <span class='ocrx_word' id='word_1_180' title='bbox 520 1349 572 1382; x_wconf 84' lang='lat' dir='ltr'><strong>Ac</strong></span> <span class='ocrx_word' id='word_1_181' title='bbox 595 1349 732 1381; x_wconf 89' lang='lat' dir='ltr'><strong>monuit</strong></span> <span class='ocrx_word' id='word_1_182' title='bbox 757 1349 890 1380; x_wconf 87' lang='lat' dir='ltr'><strong>dudum</strong></span> <span class='ocrx_word' id='word_1_183' title='bbox 916 1351 995 1380; x_wconf 90' lang='lat' dir='ltr'><strong>ante</strong></span> <span class='ocrx_word' id='word_1_184' title='bbox 1020 1359 1082 1380; x_wconf 84' lang='lat' dir='ltr'><strong>nos</strong></span> <span class='ocrx_word' id='word_1_185' title='bbox 1107 1348 1217 1381; x_wconf 80' lang='lat' dir='ltr'><strong>etiam</strong></span> <span class='ocrx_word' id='word_1_186' title='bbox 1241 1347 1539 1381; x_wconf 89' lang='lat' dir='ltr'><strong>Iacobsiusin</strong></span> <span class='ocrx_word' id='word_1_187' title='bbox 1557 1348 1633 1380; x_wconf 84' lang='lat' dir='ltr'><strong>Ad-</strong></span> 
     </span>
     <span class='ocr_line' id='line_1_21' title="bbox 275 1407 1633 1452; baseline -0.003 -6"><span class='ocrx_word' id='word_1_188' title='bbox 275 1411 479 1446; x_wconf 86' lang='lat' dir='ltr'><strong>‹litamentis</strong></span> <span class='ocrx_word' id='word_1_189' title='bbox 502 1411 547 1444; x_wconf 89' lang='lat' dir='ltr'><strong>ad</strong></span> <span class='ocrx_word' id='word_1_190' title='bbox 561 1411 762 1451; x_wconf 79' lang='lat' dir='ltr'><strong>Sulzerum,</strong></span> <span class='ocrx_word' id='word_1_191' title='bbox 788 1409 846 1452; x_wconf 90' lang='lat' dir='ltr'><strong>qui</strong></span> <span class='ocrx_word' id='word_1_192' title='bbox 863 1410 976 1442; x_wconf 89' lang='lat' dir='ltr'><strong>semel</strong></span> <span class='ocrx_word' id='word_1_193' title='bbox 997 1407 1141 1441; x_wconf 81' lang='lat' dir='ltr'><strong>Pindari</strong></span> <span class='ocrx_word' id='word_1_194' title='bbox 1159 1412 1272 1441; x_wconf 84' lang='lat' dir='ltr'><strong>artem</strong></span> <span class='ocrx_word' id='word_1_195' title='bbox 1291 1410 1524 1452; x_wconf 84' lang='lat' dir='ltr'><strong>perspexerit,</strong></span> <span class='ocrx_word' id='word_1_196' title='bbox 1549 1420 1633 1442; x_wconf 90' lang='lat' dir='ltr'><strong>eum</strong></span> 
     </span>
     <span class='ocr_line' id='line_1_22' title="bbox 275 1469 1633 1513; baseline -0.002 -6"><span class='ocrx_word' id='word_1_197' title='bbox 275 1485 344 1507; x_wconf 86' lang='lat' dir='ltr'><strong>non</strong></span> <span class='ocrx_word' id='word_1_198' title='bbox 370 1473 617 1506; x_wconf 85' lang='lat' dir='ltr'><strong>dubitaturum</strong></span> <span class='ocrx_word' id='word_1_199' title='bbox 644 1471 695 1504; x_wconf 90' lang='lat' dir='ltr'><strong>ibi</strong></span> <span class='ocrx_word' id='word_1_200' title='bbox 720 1482 858 1513; x_wconf 88' lang='lat' dir='ltr'><strong>quoque</strong></span> <span class='ocrx_word' id='word_1_201' title='bbox 883 1469 1020 1503; x_wconf 80' lang='lat' dir='ltr'><strong>ratione</strong></span> <span class='ocrx_word' id='word_1_202' title='bbox 1047 1469 1166 1513; x_wconf 82' lang='lat' dir='ltr'><strong>egisse</strong></span> <span class='ocrx_word' id='word_1_203' title='bbox 1190 1473 1355 1512; x_wconf 89' lang='lat' dir='ltr'><strong>poetam,</strong></span> <span class='ocrx_word' id='word_1_204' title='bbox 1387 1470 1448 1503; x_wconf 89' lang='lat' dir='ltr'><strong>ubi</strong></span> <span class='ocrx_word' id='word_1_205' title='bbox 1473 1481 1516 1504; x_wconf 84' lang='lat' dir='ltr'><strong>ex</strong></span> <span class='ocrx_word' id='word_1_206' title='bbox 1540 1471 1633 1504; x_wconf 85' lang='lat' dir='ltr'><strong>anti-</strong></span> 
     </span>
     <span class='ocr_line' id='line_1_23' title="bbox 276 1531 1633 1579; baseline -0.002 -11"><span class='ocrx_word' id='word_1_207' title='bbox 276 1535 410 1579; x_wconf 87' lang='lat' dir='ltr'><strong>quitate</strong></span> <span class='ocrx_word' id='word_1_208' title='bbox 433 1534 524 1567; x_wconf 87' lang='lat' dir='ltr'><strong>nihil</strong></span> <span class='ocrx_word' id='word_1_209' title='bbox 548 1532 717 1566; x_wconf 84' lang='lat' dir='ltr'><strong>traditum</strong></span> <span class='ocrx_word' id='word_1_210' title='bbox 735 1532 962 1575; x_wconf 82' lang='lat' dir='ltr'><strong>habeamus,</strong></span> <span class='ocrx_word' id='word_1_211' title='bbox 994 1532 1089 1574; x_wconf 92' lang='lat' dir='ltr'><strong>quod</strong></span> <span class='ocrx_word' id='word_1_212' title='bbox 1115 1541 1241 1564; x_wconf 85' lang='lat' dir='ltr'><strong>causas</strong></span> <span class='ocrx_word' id='word_1_213' title='bbox 1267 1531 1440 1565; x_wconf 84' lang='lat' dir='ltr'><strong>dictorum</strong></span> <span class='ocrx_word' id='word_1_214' title='bbox 1467 1532 1633 1576; x_wconf 84' lang='lat' dir='ltr'><strong>explicet.</strong></span> 
     </span>
    </p>
   </div>
   <div class='ocr_carea' id='block_1_3' title="bbox 528 1659 1387 1702">
    <p class='ocr_par' dir='ltr' id='par_1_3' title="bbox 528 1659 1387 1702">
     <span class='ocr_line' id='line_1_24' title="bbox 528 1659 1387 1702; baseline 0.001 -2"><span class='ocrx_word' id='word_1_215' title='bbox 528 1661 598 1701; x_wconf 90' lang='lat' dir='ltr'><strong>DE</strong></span> <span class='ocrx_word' id='word_1_216' title='bbox 627 1659 1015 1702; x_wconf 80' lang='lat' dir='ltr'><strong>TRACTATIONE</strong></span> <span class='ocrx_word' id='word_1_217' title='bbox 1044 1659 1387 1701; x_wconf 79' lang='lat' dir='ltr'><strong>ARGUMENTI.</strong></span> 
     </span>
    </p>
   </div>
   <div class='ocr_carea' id='block_1_4' title="bbox 275 1742 1632 1853">
    <p class='ocr_par' dir='ltr' id='par_1_4' title="bbox 275 1742 1632 1853">
     <span class='ocr_line' id='line_1_25' title="bbox 365 1742 1632 1789; baseline -0.002 -9"><span class='ocrx_word' id='word_1_218' title='bbox 365 1746 546 1781; x_wconf 81' lang='lat' dir='ltr'><strong>Sententia</strong></span> <span class='ocrx_word' id='word_1_219' title='bbox 570 1746 736 1780; x_wconf 87' lang='lat' dir='ltr'><strong>carminis</strong></span> <span class='ocrx_word' id='word_1_220' title='bbox 760 1746 958 1789; x_wconf 84' lang='lat' dir='ltr'><strong>explicatur</strong></span> <span class='ocrx_word' id='word_1_221' title='bbox 988 1746 1124 1780; x_wconf 84' lang='lat' dir='ltr'><strong>directa</strong></span> <span class='ocrx_word' id='word_1_222' title='bbox 1155 1746 1316 1780; x_wconf 85' lang='lat' dir='ltr'><strong>oratione</strong></span> <span class='ocrx_word' id='word_1_223' title='bbox 1341 1748 1377 1779; x_wconf 90' lang='lat' dir='ltr'><strong>et</strong></span> <span class='ocrx_word' id='word_1_224' title='bbox 1399 1742 1555 1786; x_wconf 83' lang='lat' dir='ltr'><strong>fabulis3</strong></span> <span class='ocrx_word' id='word_1_225' title='bbox 1588 1745 1632 1779; x_wconf 88' lang='lat' dir='ltr'><strong>de</strong></span> 
     </span>
     <span class='ocr_line' id='line_1_26' title="bbox 275 1807 1006 1853; baseline -0.004 -11"><span class='ocrx_word' id='word_1_226' title='bbox 275 1811 422 1852; x_wconf 88' lang='lat' dir='ltr'><strong>utroque</strong></span> <span class='ocrx_word' id='word_1_227' title='bbox 446 1820 580 1853; x_wconf 84' lang='lat' dir='ltr'><strong>genere</strong></span> <span class='ocrx_word' id='word_1_228' title='bbox 606 1807 764 1841; x_wconf 85' lang='lat' dir='ltr'><strong>dicemus</strong></span> <span class='ocrx_word' id='word_1_229' title='bbox 788 1807 1006 1851; x_wconf 78' lang='lat' dir='ltr'><strong>singulatim.</strong></span> 
     </span>
    </p>
   </div>
   <div class='ocr_carea' id='block_1_5' title="bbox 273 1899 1635 2744">
    <p class='ocr_par' dir='ltr' id='par_1_5' title="bbox 500 1899 1410 1936">
     <span class='ocr_line' id='line_1_27' title="bbox 500 1899 1410 1936; baseline 0 -2"><span class='ocrx_word' id='word_1_230' title='bbox 500 1903 528 1934; x_wconf 87' lang='grc' dir='ltr'><strong>Ι.</strong></span> <span class='ocrx_word' id='word_1_231' title='bbox 575 1902 647 1934; x_wconf 83' lang='grc' dir='ltr'><strong>ΒΕ</strong></span> <span class='ocrx_word' id='word_1_232' title='bbox 681 1900 947 1934; x_wconf 80' lang='lat' dir='ltr'><strong>DIRECTA</strong></span> <span class='ocrx_word' id='word_1_233' title='bbox 980 1899 1410 1936; x_wconf 81' lang='lat' dir='ltr'><strong>TRACTATIONE.</strong></span> 
     </span>
    </p>

    <p class='ocr_par' dir='ltr' id='par_1_6' title="bbox 273 1962 1635 2744">
     <span class='ocr_line' id='line_1_28' title="bbox 363 1962 1632 2005; baseline 0.002 -10"><span class='ocrx_word' id='word_1_234' title='bbox 363 1962 514 1996; x_wconf 87' lang='lat' dir='ltr'><strong>Fabulis</strong></span> <span class='ocrx_word' id='word_1_235' title='bbox 545 1966 639 1996; x_wconf 83' lang='lat' dir='ltr'><strong>tecta</strong></span> <span class='ocrx_word' id='word_1_236' title='bbox 672 1964 869 1996; x_wconf 82' lang='lat' dir='ltr'><strong>continetur</strong></span> <span class='ocrx_word' id='word_1_237' title='bbox 900 1963 979 1995; x_wconf 89' lang='lat' dir='ltr'><strong>laus</strong></span> <span class='ocrx_word' id='word_1_238' title='bbox 1010 1963 1068 1995; x_wconf 86' lang='lat' dir='ltr'><strong>vel</strong></span> <span class='ocrx_word' id='word_1_239' title='bbox 1104 1963 1315 2005; x_wconf 75' lang='lat' dir='ltr'><strong>admonitio,</strong></span> <span class='ocrx_word' id='word_1_240' title='bbox 1350 1964 1487 1997; x_wconf 86' lang='lat' dir='ltr'><strong>directa</strong></span> <span class='ocrx_word' id='word_1_241' title='bbox 1516 1963 1632 1998; x_wconf 86' lang='lat' dir='ltr'><strong>oratio</strong></span> 
     </span>
     <span class='ocr_line' id='line_1_29' title="bbox 273 2022 1634 2071; baseline 0.001 -13"><span class='ocrx_word' id='word_1_242' title='bbox 273 2025 392 2068; x_wconf 85' lang='lat' dir='ltr'><strong>ipsam</strong></span> <span class='ocrx_word' id='word_1_243' title='bbox 416 2035 494 2056; x_wconf 84' lang='lat' dir='ltr'><strong>rem</strong></span> <span class='ocrx_word' id='word_1_244' title='bbox 519 2023 700 2067; x_wconf 81' lang='lat' dir='ltr'><strong>significat</strong></span> <span class='ocrx_word' id='word_1_245' title='bbox 725 2027 759 2057; x_wconf 88' lang='lat' dir='ltr'><strong>et</strong></span> <span class='ocrx_word' id='word_1_246' title='bbox 783 2035 925 2057; x_wconf 82' lang='lat' dir='ltr'><strong>cursum</strong></span> <span class='ocrx_word' id='word_1_247' title='bbox 951 2022 1121 2055; x_wconf 81' lang='lat' dir='ltr'><strong>carminis</strong></span> <span class='ocrx_word' id='word_1_248' title='bbox 1145 2027 1183 2056; x_wconf 88' lang='lat' dir='ltr'><strong>ut</strong></span> <span class='ocrx_word' id='word_1_249' title='bbox 1207 2024 1403 2066; x_wconf 88' lang='lat' dir='ltr'><strong>plurimum</strong></span> <span class='ocrx_word' id='word_1_250' title='bbox 1426 2026 1538 2071; x_wconf 77' lang='lat' dir='ltr'><strong>regit3</strong></span> <span class='ocrx_word' id='word_1_251' title='bbox 1563 2027 1634 2060; x_wconf 79' lang='lat' dir='ltr'><strong>hac</strong></span> 
     </span>
     <span class='ocr_line' id='line_1_30' title="bbox 274 2083 1633 2131; baseline 0.002 -14"><span class='ocrx_word' id='word_1_252' title='bbox 274 2085 386 2130; x_wconf 83' lang='lat' dir='ltr'><strong>igitur</strong></span> <span class='ocrx_word' id='word_1_253' title='bbox 412 2085 495 2128; x_wconf 88' lang='lat' dir='ltr'><strong>quid</strong></span> <span class='ocrx_word' id='word_1_254' title='bbox 520 2084 616 2117; x_wconf 85' lang='lat' dir='ltr'><strong>dieat</strong></span> <span class='ocrx_word' id='word_1_255' title='bbox 639 2085 836 2126; x_wconf 80' lang='lat' dir='ltr'><strong>Pindarus,</strong></span> <span class='ocrx_word' id='word_1_256' title='bbox 871 2088 952 2117; x_wconf 90' lang='lat' dir='ltr'><strong>ante</strong></span> <span class='ocrx_word' id='word_1_257' title='bbox 977 2083 1095 2117; x_wconf 89' lang='lat' dir='ltr'><strong>omnia</strong></span> <span class='ocrx_word' id='word_1_258' title='bbox 1120 2094 1293 2125; x_wconf 85' lang='lat' dir='ltr'><strong>quaerere</strong></span> <span class='ocrx_word' id='word_1_259' title='bbox 1318 2086 1424 2120; x_wconf 85' lang='lat' dir='ltr'><strong>debet</strong></span> <span class='ocrx_word' id='word_1_260' title='bbox 1446 2087 1633 2131; x_wconf 86' lang='lat' dir='ltr'><strong>interpres.</strong></span> 
     </span>
     <span class='ocr_line' id='line_1_31' title="bbox 274 2144 1633 2190; baseline 0 -10"><span class='ocrx_word' id='word_1_261' title='bbox 274 2147 325 2180; x_wconf 87' lang='lat' dir='ltr'><strong>Ac</strong></span> <span class='ocrx_word' id='word_1_262' title='bbox 350 2146 505 2189; x_wconf 85' lang='lat' dir='ltr'><strong>primum</strong></span> <span class='ocrx_word' id='word_1_263' title='bbox 530 2146 693 2188; x_wconf 78' lang='lat' dir='ltr'><strong>quidem,</strong></span> <span class='ocrx_word' id='word_1_264' title='bbox 728 2150 766 2179; x_wconf 81' lang='lat' dir='ltr'><strong>nt</strong></span> <span class='ocrx_word' id='word_1_265' title='bbox 792 2147 876 2180; x_wconf 81' lang='lat' dir='ltr'><strong>hinc</strong></span> <span class='ocrx_word' id='word_1_266' title='bbox 900 2146 1039 2189; x_wconf 84' lang='lat' dir='ltr'><strong>ordiar,</strong></span> <span class='ocrx_word' id='word_1_267' title='bbox 1074 2144 1240 2187; x_wconf 89' lang='lat' dir='ltr'><strong>quoniam</strong></span> <span class='ocrx_word' id='word_1_268' title='bbox 1269 2146 1417 2179; x_wconf 80' lang='lat' dir='ltr'><strong>victoria</strong></span> <span class='ocrx_word' id='word_1_269' title='bbox 1441 2150 1514 2187; x_wconf 75' lang='lat' dir='ltr'><strong>est,</strong></span> <span class='ocrx_word' id='word_1_270' title='bbox 1540 2157 1633 2190; x_wconf 82' lang='lat' dir='ltr'><strong>quae</strong></span> 
     </span>
     <span class='ocr_line' id='line_1_32' title="bbox 276 2206 1634 2250; baseline 0 -10"><span class='ocrx_word' id='word_1_271' title='bbox 276 2208 422 2248; x_wconf 75' lang='lat' dir='ltr'><strong>canitur,</strong></span> <span class='ocrx_word' id='word_1_272' title='bbox 448 2210 590 2250; x_wconf 85' lang='lat' dir='ltr'><strong>praeter</strong></span> <span class='ocrx_word' id='word_1_273' title='bbox 613 2207 759 2240; x_wconf 83' lang='lat' dir='ltr'><strong>victoris</strong></span> <span class='ocrx_word' id='word_1_274' title='bbox 783 2218 911 2240; x_wconf 90' lang='lat' dir='ltr'><strong>nomen</strong></span> <span class='ocrx_word' id='word_1_275' title='bbox 929 2206 1130 2239; x_wconf 84' lang='lat' dir='ltr'><strong>necessario</strong></span> <span class='ocrx_word' id='word_1_276' title='bbox 1149 2206 1182 2238; x_wconf 90' lang='lat' dir='ltr'><strong>in</strong></span> <span class='ocrx_word' id='word_1_277' title='bbox 1199 2207 1323 2249; x_wconf 84' lang='lat' dir='ltr'><strong>quovis</strong></span> <span class='ocrx_word' id='word_1_278' title='bbox 1341 2207 1505 2250; x_wconf 86' lang='lat' dir='ltr'><strong>Epinicio</strong></span> <span class='ocrx_word' id='word_1_279' title='bbox 1524 2207 1634 2241; x_wconf 84' lang='lat' dir='ltr'><strong>etiam</strong></span> 
     </span>
     <span class='ocr_line' id='line_1_33' title="bbox 273 2268 1632 2310; baseline -0.001 -8"><span class='ocrx_word' id='word_1_280' title='bbox 273 2270 374 2305; x_wconf 82' lang='lat' dir='ltr'><strong>locus</strong></span> <span class='ocrx_word' id='word_1_281' title='bbox 399 2268 575 2301; x_wconf 84' lang='lat' dir='ltr'><strong>nominari</strong></span> <span class='ocrx_word' id='word_1_282' title='bbox 599 2269 714 2310; x_wconf 79' lang='lat' dir='ltr'><strong>debet,</strong></span> <span class='ocrx_word' id='word_1_283' title='bbox 739 2268 801 2300; x_wconf 90' lang='lat' dir='ltr'><strong>ubi</strong></span> <span class='ocrx_word' id='word_1_284' title='bbox 826 2279 957 2301; x_wconf 87' lang='lat' dir='ltr'><strong>corona</strong></span> <span class='ocrx_word' id='word_1_285' title='bbox 982 2271 1100 2310; x_wconf 83' lang='lat' dir='ltr'><strong>parta3</strong></span> <span class='ocrx_word' id='word_1_286' title='bbox 1138 2279 1207 2310; x_wconf 86' lang='lat' dir='ltr'><strong>qua</strong></span> <span class='ocrx_word' id='word_1_287' title='bbox 1232 2269 1482 2303; x_wconf 85' lang='lat' dir='ltr'><strong>observatione</strong></span> <span class='ocrx_word' id='word_1_288' title='bbox 1507 2269 1632 2302; x_wconf 78' lang='lat' dir='ltr'><strong>ductus</strong></span> 
     </span>
     <span class='ocr_line' id='line_1_34' title="bbox 275 2327 1632 2373; baseline -0.001 -9"><span class='ocrx_word' id='word_1_289' title='bbox 275 2330 426 2364; x_wconf 83' lang='lat' dir='ltr'><strong>Boeck</strong></span> <span class='ocrx_word' id='word_1_290' title='bbox 439 2329 547 2362; x_wconf 85' lang='lat' dir='ltr'><strong>hius</strong></span> <span class='ocrx_word' id='word_1_291' title='bbox 572 2331 704 2373; x_wconf 90' lang='lat' dir='ltr'><strong>optime</strong></span> <span class='ocrx_word' id='word_1_292' title='bbox 730 2329 819 2363; x_wconf 73' lang='lat' dir='ltr'><strong>vidit</strong></span> <span class='ocrx_word' id='word_1_293' title='bbox 845 2330 951 2373; x_wconf 71' lang='lat' dir='ltr'><strong>Pyth.</strong></span> <span class='ocrx_word' id='word_1_294' title='bbox 971 2329 1014 2361; x_wconf 87' lang='lat'><strong>11.</strong></span> <span class='ocrx_word' id='word_1_295' title='bbox 1035 2327 1174 2361; x_wconf 85' lang='lat' dir='ltr'><strong>Thebis</strong></span> <span class='ocrx_word' id='word_1_296' title='bbox 1198 2334 1418 2371; x_wconf 83' lang='lat' dir='ltr'><strong>reportatam</strong></span> <span class='ocrx_word' id='word_1_297' title='bbox 1445 2330 1632 2364; x_wconf 82' lang='lat' dir='ltr'><strong>victoriam</strong></span> 
     </span>
     <span class='ocr_line' id='line_1_35' title="bbox 275 2389 1632 2435; baseline 0 -11"><span class='ocrx_word' id='word_1_298' title='bbox 275 2391 448 2435; x_wconf 81' lang='lat' dir='ltr'><strong>spectari,</strong></span> <span class='ocrx_word' id='word_1_299' title='bbox 481 2403 589 2434; x_wconf 88' lang='lat' dir='ltr'><strong>quum</strong></span> <span class='ocrx_word' id='word_1_300' title='bbox 624 2392 721 2425; x_wconf 90' lang='lat' dir='ltr'><strong>aliud</strong></span> <span class='ocrx_word' id='word_1_301' title='bbox 745 2403 872 2425; x_wconf 88' lang='lat' dir='ltr'><strong>nomen</strong></span> <span class='ocrx_word' id='word_1_302' title='bbox 897 2391 930 2423; x_wconf 90' lang='lat' dir='ltr'><strong>in</strong></span> <span class='ocrx_word' id='word_1_303' title='bbox 956 2389 1114 2424; x_wconf 88' lang='lat' dir='ltr'><strong>carmine</strong></span> <span class='ocrx_word' id='word_1_304' title='bbox 1138 2401 1207 2422; x_wconf 88' lang='lat' dir='ltr'><strong>non</strong></span> <span class='ocrx_word' id='word_1_305' title='bbox 1233 2394 1365 2431; x_wconf 75' lang='lat' dir='ltr'><strong>exstet,</strong></span> <span class='ocrx_word' id='word_1_306' title='bbox 1399 2403 1441 2424; x_wconf 88' lang='lat' dir='ltr'><strong>ac</strong></span> <span class='ocrx_word' id='word_1_307' title='bbox 1474 2393 1632 2435; x_wconf 91' lang='lat' dir='ltr'><strong>plerum-</strong></span> 
     </span>
     <span class='ocr_line' id='line_1_36' title="bbox 277 2439 1633 2497; baseline 0.001 -12"><span class='ocrx_word' id='word_1_308' title='bbox 277 2465 344 2497; x_wconf 87' lang='lat' dir='ltr'><strong>que</strong></span> <span class='ocrx_word' id='word_1_309' title='bbox 370 2456 432 2486; x_wconf 83' lang='lat' dir='ltr'><strong>aut</strong></span> <span class='ocrx_word' id='word_1_310' title='bbox 455 2452 490 2485; x_wconf 93' lang='lat' dir='ltr'><strong>in</strong></span> <span class='ocrx_word' id='word_1_311' title='bbox 514 2453 699 2495; x_wconf 86' lang='lat' dir='ltr'><strong>prooemio</strong></span> <span class='ocrx_word' id='word_1_312' title='bbox 724 2457 783 2487; x_wconf 88' lang='lat' dir='ltr'><strong>aut</strong></span> <span class='ocrx_word' id='word_1_313' title='bbox 810 2452 932 2487; x_wconf 84' lang='lat' dir='ltr'><strong>statim</strong></span> <span class='ocrx_word' id='word_1_314' title='bbox 955 2439 1036 2495; x_wconf 37' lang='lat' dir='ltr'><strong>&#39;post</strong></span> <span class='ocrx_word' id='word_1_315' title='bbox 1061 2452 1282 2495; x_wconf 90' lang='lat' dir='ltr'><strong>prooemium</strong></span> <span class='ocrx_word' id='word_1_316' title='bbox 1309 2453 1380 2486; x_wconf 75' lang='lat' dir='ltr'><strong>loci</strong></span> <span class='ocrx_word' id='word_1_317' title='bbox 1396 2465 1523 2486; x_wconf 89' lang='lat' dir='ltr'><strong>nomen</strong></span> <span class='ocrx_word' id='word_1_318' title='bbox 1542 2452 1633 2487; x_wconf 91' lang='lat' dir='ltr'><strong>indi-</strong></span> 
     </span>
     <span class='ocr_line' id='line_1_37' title="bbox 277 2513 1635 2558; baseline 0.001 -11"><span class='ocrx_word' id='word_1_319' title='bbox 277 2518 389 2548; x_wconf 83' lang='lat' dir='ltr'><strong>catur.</strong></span> <span class='ocrx_word' id='word_1_320' title='bbox 438 2514 531 2547; x_wconf 84' lang='lat' dir='ltr'><strong>Inest</strong></span> <span class='ocrx_word' id='word_1_321' title='bbox 557 2526 644 2548; x_wconf 67' lang='lat' dir='ltr'><strong>vero</strong></span> <span class='ocrx_word' id='word_1_322' title='bbox 669 2516 728 2548; x_wconf 87' lang='lat' dir='ltr'><strong>vel</strong></span> <span class='ocrx_word' id='word_1_323' title='bbox 753 2515 787 2548; x_wconf 90' lang='lat' dir='ltr'><strong>in</strong></span> <span class='ocrx_word' id='word_1_324' title='bbox 812 2514 898 2558; x_wconf 84' lang='lat' dir='ltr'><strong>ipsis</strong></span> <span class='ocrx_word' id='word_1_325' title='bbox 924 2513 1125 2547; x_wconf 86' lang='lat' dir='ltr'><strong>nominibus</strong></span> <span class='ocrx_word' id='word_1_326' title='bbox 1149 2524 1334 2547; x_wconf 87' lang='lat' dir='ltr'><strong>sacrorum</strong></span> <span class='ocrx_word' id='word_1_327' title='bbox 1360 2515 1524 2548; x_wconf 89' lang='lat' dir='ltr'><strong>ludorum</strong></span> <span class='ocrx_word' id='word_1_328' title='bbox 1547 2514 1635 2548; x_wconf 86' lang='lat' dir='ltr'><strong>satis</strong></span> 
     </span>
     <span class='ocr_line' id='line_1_38' title="bbox 276 2574 1633 2621; baseline -0.001 -10"><span class='ocrx_word' id='word_1_329' title='bbox 276 2587 411 2621; x_wconf 79' lang='lat' dir='ltr'><strong>magna</strong></span> <span class='ocrx_word' id='word_1_330' title='bbox 435 2577 526 2618; x_wconf 83' lang='lat' dir='ltr'><strong>laus,</strong></span> <span class='ocrx_word' id='word_1_331' title='bbox 551 2580 590 2610; x_wconf 88' lang='lat' dir='ltr'><strong>ut</strong></span> <span class='ocrx_word' id='word_1_332' title='bbox 612 2576 795 2609; x_wconf 84' lang='lat' dir='ltr'><strong>rarissime</strong></span> <span class='ocrx_word' id='word_1_333' title='bbox 820 2576 912 2609; x_wconf 86' lang='lat' dir='ltr'><strong>haec</strong></span> <span class='ocrx_word' id='word_1_334' title='bbox 939 2575 1093 2618; x_wconf 90' lang='lat' dir='ltr'><strong>amplius</strong></span> <span class='ocrx_word' id='word_1_335' title='bbox 1115 2574 1293 2610; x_wconf 86' lang='lat' dir='ltr'><strong>illustrata</strong></span> <span class='ocrx_word' id='word_1_336' title='bbox 1317 2575 1453 2615; x_wconf 83' lang='lat' dir='ltr'><strong>videas,</strong></span> <span class='ocrx_word' id='word_1_337' title='bbox 1479 2588 1544 2609; x_wconf 84' lang='lat' dir='ltr'><strong>nee</strong></span> <span class='ocrx_word' id='word_1_338' title='bbox 1566 2575 1633 2610; x_wconf 84' lang='lat' dir='ltr'><strong>nisi</strong></span> 
     </span>
     <span class='ocr_line' id='line_1_39' title="bbox 278 2636 1634 2683; baseline -0.001 -11"><span class='ocrx_word' id='word_1_339' title='bbox 278 2638 315 2672; x_wconf 86' lang='lat' dir='ltr'><strong>in</strong></span> <span class='ocrx_word' id='word_1_340' title='bbox 340 2637 558 2671; x_wconf 83' lang='lat' dir='ltr'><strong>carminibus</strong></span> <span class='ocrx_word' id='word_1_341' title='bbox 583 2650 735 2683; x_wconf 81' lang='lat' dir='ltr'><strong>peregre</strong></span> <span class='ocrx_word' id='word_1_342' title='bbox 760 2637 898 2678; x_wconf 80' lang='lat' dir='ltr'><strong>missis,</strong></span> <span class='ocrx_word' id='word_1_343' title='bbox 926 2636 1105 2670; x_wconf 85' lang='lat' dir='ltr'>01.l.111.</span> <span class='ocrx_word' id='word_1_344' title='bbox 1131 2637 1191 2670; x_wconf 85' lang='lat' dir='ltr'><strong>XI.</strong></span> <span class='ocrx_word' id='word_1_345' title='bbox 1218 2637 1322 2681; x_wconf 73' lang='lat' dir='ltr'><strong>Pyth.</strong></span> <span class='ocrx_word' id='word_1_346' title='bbox 1338 2637 1399 2678; x_wconf 83' lang='lat' dir='ltr'><strong>V.‚</strong></span> <span class='ocrx_word' id='word_1_347' title='bbox 1423 2637 1484 2670; x_wconf 90' lang='lat' dir='ltr'><strong>ubi</strong></span> <span class='ocrx_word' id='word_1_348' title='bbox 1507 2637 1634 2670; x_wconf 80' lang='lat' dir='ltr'><strong>iucun-</strong></span> 
     </span>
     <span class='ocr_line' id='line_1_40' title="bbox 278 2697 1632 2744; baseline 0.001 -13"><span class='ocrx_word' id='word_1_349' title='bbox 278 2699 379 2734; x_wconf 85' lang='lat' dir='ltr'><strong>diora</strong></span> <span class='ocrx_word' id='word_1_350' title='bbox 402 2699 501 2734; x_wconf 87' lang='lat' dir='ltr'><strong>talia.</strong></span> <span class='ocrx_word' id='word_1_351' title='bbox 549 2700 622 2734; x_wconf 88' lang='lat' dir='ltr'><strong>Sed</strong></span> <span class='ocrx_word' id='word_1_352' title='bbox 657 2703 798 2744; x_wconf 87' lang='lat' dir='ltr'><strong>praeter</strong></span> <span class='ocrx_word' id='word_1_353' title='bbox 830 2700 947 2732; x_wconf 89' lang='lat' dir='ltr'><strong>locum</strong></span> <span class='ocrx_word' id='word_1_354' title='bbox 980 2697 1088 2732; x_wconf 89' lang='lat' dir='ltr'><strong>etiam</strong></span> <span class='ocrx_word' id='word_1_355' title='bbox 1113 2710 1228 2743; x_wconf 83' lang='lat' dir='ltr'><strong>genus</strong></span> <span class='ocrx_word' id='word_1_356' title='bbox 1252 2697 1459 2732; x_wconf 84' lang='lat' dir='ltr'><strong>certaminis</strong></span> <span class='ocrx_word' id='word_1_357' title='bbox 1482 2698 1632 2733; x_wconf 85' lang='lat' dir='ltr'><strong>indicari</strong></span> 
     </span>
    </p>
   </div>
  </div>
 </body>
</html>
