1794 2982
624 101 875 142 PYTHIA
917 101 963 143 V.
1403 103 1482 142 133

146 212 212 258 60
246 205 273 255 ὁ
290 205 348 254 ·ὁ’
375 205 613 270 ἀρχαγέτας
645 206 768 254 ἔδωκ’
796 207 1016 256 Ἀπόλλων
1433 218 1478 251 80

244 279 394 338 θῆρας
429 277 539 341 αἰνῷ
573 274 715 341 φόβῳ,
1027 298 1030 299 ’

249 340 374 404 ὄφρα
406 340 468 406 μὴ
502 344 633 407 ταμίᾳ
668 341 886 404 Κυράνας
917 341 1076 406 ἀτελής
1098 342 1268 405 γένοιτο
1288 342 1475 403 μαντεύ-

789 421 934 470 μασιν.

246 540 272 590 ὃ
306 543 380 589 καὶ
413 547 593 605 βαρειᾶν
625 542 770 591 νόσων
1211 546 1316 605 Στρ.
1342 542 1392 604 γ’.
1429 553 1474 586 85

135 618 219 665 (60)
244 608 448 671 ἀκέσματ’
482 609 689 672 ἄνδρεσσι
723 612 796 658 καὶ
830 608 1003 672 γυναιξὶ
1037 609 1167 669 νέμει,

146 681 210 726 65
244 677 381 738 πόρεν
412 695 457 724 τε
490 679 682 738 κίθαριν,
719 678 875 726 δίδωσί
893 696 937 724 τε
959 681 1138 724 Μοῖσα-ν
1160 673 1226 734 οἷς
1251 674 1306 723 ἂν
1328 675 1474 737 ἐθέλῃ,

245 743 466 804 ἀπόλεμον
500 743 675 806 ἀγαγών

243 812 264 858 ἐ
319 826 352 858 π
382 812 517 858 απίδα
618 810 657 853 3>
725 813 736 829 '
781 830 789 847 ν
1429 819 1472 851 90

264 830 288 869 ς
353 830 378 872 ρ
519 830 542 869 ς
576 829 801 872 ειιομιαι,

242 877 384 940 μυχόν
416 877 452 925 τ’
486 878 676 941 ἀμφέπει

134 959 218 1003 (65)
242 951 466 1008 μαντεῖον·

143 1021 208 1066 70
242 1017 304 1080 τῷ
337 1014 411 1059 καὶ
446 1013 743 1072 Λακεδαίμονι

243 1081 288 1128 ἐν
313 1079 458 1142 ’Ἀργει-
489 1098 534 1126 τε
567 1081 641 1126 καὶ
677 1078 815 1143 ζαθέᾳ
853 1078 998 1145 Πύλῳ

243 1148 423 1196 ἔνασσεν
457 1146 674 1204 ἀλκᾶντας
702 1145 945 1207 εΠρακλέος
1429 1158 1473 1189 95

246 1214 460 1278 ἐκγόνους
494 1215 699 1277 Αἰγιμιοῦ
732 1232 788 1260 τε.
846 1211 896 1259 τὸ
932 1211 970 1259 δ’
1006 1212 1109 1273 ε’μὸν
1143 1212 1349 1275 γαρύοντ’
1384 1212 1473 1259 ἀπὸ

370 1284 373 1285 ’
789 1280 1000 1342 Σπάρτας
1034 1280 1253 1344 ἐπήρατον
1285 1280 1428 1338 κλέος,

247 1432 357 1482 ὅθεν
388 1432 689 1495 γεγενναμένοι
1293 1430 1398 1479 Ἀντ.
1422 1432 1472 1493 γ’.

148 1507 212 1552 75
249 1504 394 1549 ἳὸιοντο
435 1500 665 1563 Θήρανδε,
699 1504 843 1561 φῶτες
879 1500 1084 1561 Αἰγεΐδαι,
1306 1511 1308 1514 ’
1412 1512 1474 1543 100

246 1570 343 1630 ἐμοὶ
371 1568 565 1629 πατέρες,
600 1566 659 1614 οὐ
688 1572 807 1614 θεῶν
836 1566 957 1629 ἕτερ’
994 1561 1106 1612 ἀλλὰ
1128 1563 1260 1626 μοῖρά
1291 1584 1356 1623 τις
1375 1564 1477 1628 ἄγεν

244 1634 512 1684 πολύθυτον
546 1636 716 1694 ἔρανον,

246 1704 373 1750 ἔνθεν
407 1700 729 1763 ἀναδεξάμενοι,

235 1769 456 1818 ’Ἄπολλον
466 1805 478 1828 ,
511 1767 584 1816 τεὰ
1178 1819 1186 1825 ,
1411 1777 1476 1808 105

159 1938 191 1959 v.
206 1925 261 1960 69.
287 1923 535 1968 μαντήϊον.-
565 1937 594 1958 v.
609 1926 665 1957 71.
690 1921 728 1957 ἕν
753 1919 781 1957 τ’
800 1920 918 1967 ’Ἄργεϊ
940 1922 1062 1956 καὶ-
1086 1934 1118 1953 ν.
1144 1923 1196 1954 73.
1222 1918 1358 1965 γαρύεν
1381 1918 1411 1954 τ’
1435 1910 1478 1946 ὲ

51 1985 56 1989 ’
113 1985 146 2005 v.
168 1972 224 2005 77.
249 1969 467 2005 πολύθυτον
492 1970 559 2023 [ἐξ]
585 1968 717 2015 ἔρανον

153 2079 157 2083 .
207 2067 243 2088 v.
268 2053 324 2087 70.
369 2053 575 2087 Boeckhius
599 2052 663 2086 καί
691 2053 798 2095 [nunc
822 2061 844 2082 a
869 2061 927 2083 me
946 2049 1175 2092 revocatum]
1203 2049 1309 2082 eiecit
1332 2051 1412 2092 post
1427 2049 1479 2090 τῷ

116 2101 155 2145 [a.
175 2098 452 2139 Scholiastis‚ut
469 2098 622 2139 videtur,
648 2095 897 2138 nonlectum];
922 2107 957 2128 v.
971 2095 1026 2128 66.
1047 2106 1111 2137 pro
1128 2096 1277 2139 vulgato
1303 2093 1341 2128 ἕν
1364 2091 1480 2137 τ”Ἀρ-

114 2150 174 2190 γεῖ
194 2145 260 2180 καί
281 2143 425 2187 scripsit
449 2154 531 2180 cum
553 2143 763 2176 Hermanno
789 2152 808 2173 e
832 2139 952 2172 libris:
982 2139 1020 2174 ἐν
1037 2139 1155 2185 ’Ἀργει
1178 2152 1216 2174 τε
1237 2139 1310 2173 καί.
1361 2139 1480 2183 [Libri

113 2187 310 2236 μαντήϊον.
357 2188 445 2222 Vide
471 2189 517 2221 ad
541 2200 576 2221 v.
601 2187 646 2220 99
669 2198 743 2229 seq.
792 2185 913 2228 SCH.]

206 2247 242 2269 v.
267 2234 324 2267 73.
372 2230 561 2278 [γαρύοντ’
584 2232 751 2266 Beckius.
784 2229 886 2263 Libri
901 2227 1080 2274 γαρύεντ’,
1103 2228 1239 2273 γαρύεν
1255 2227 1298 2272 τ’,
1321 2227 1480 2273 γαρύετ’,

119 2281 234 2315 codex
257 2278 416 2323 Gotting.
441 2279 478 2312 in
501 2280 673 2312 lemmate
687 2275 917 2310 scholiorum
939 2272 1104 2320 yneffoct’.
1138 2276 1276 2309 Ibidem
1302 2276 1382 2308 colo
1404 2279 1483 2319 post

117 2325 221 2366 κλέος
243 2326 362 2360 deleto
386 2327 422 2357 et
445 2325 482 2357 h.
507 2326 533 2358 1.
559 2327 594 2356 et
617 2326 697 2366 post
721 2319 893 2365 Θήρανδε
918 2324 1096 2354 commate
1119 2320 1278 2354 distinxit
1298 2321 1479 2354 Herman—

117 2383 184 2408 nus
205 2373 232 2406 l.
256 2382 286 2404 c.
314 2382 349 2414 p.
373 2368 452 2402 150.
499 2369 704 2402 Verissime.
751 2366 869 2409 SCH.]

209 2428 246 2451 v.
261 2413 308 2448 76
326 2426 423 2458 seqq.
456 2415 704 2448 Hermannum
722 2423 863 2456 sequor,
886 2410 946 2455 qui
970 2411 1022 2444 sic
1044 2410 1263 2456 intel-pungit
1285 2415 1320 2445 et
1338 2410 1481 2444 scribit:

89 2483 103 2496 a
119 2459 213 2497 ἀλλὰ
229 2457 342 2505 μοῖρά
358 2472 415 2499 τις
431 2457 518 2504 ἄγεν
535 2458 752 2494 πολύθυτον
770 2457 913 2502 ἔρανον,
935 2455 1043 2490 ἔνθεν
1060 2454 1340 2500 ἀναδεξάμενοι,
1355 2455 1482 2489 ’Ἀπολ-

123 2509 208 2550 λον,
231 2505 297 2541 τεὰ
317 2503 479 2550 Καρνήϊ’
506 2503 544 2540 ἐν
562 2503 662 2540 δαιτὶ
680 2504 878 2548 σεβίζομεν,
901 2500 1078 2545 Κυράνας
1098 2499 1346 2545 ἀγακτιμέναν
1362 2500 1483 2535 πόλιν.

124 2552 214 2586 Vide
238 2550 527 2595 explicationem.
574 2549 787 2594 [Hermanni
813 2548 1073 2582 distinctionem
1088 2548 1254 2591 praetuli.
1286 2548 1358 2581 Sed
1374 2560 1408 2579 v.
1426 2546 1482 2579 8⁰.

125 2597 229 2632 multi
256 2596 397 2630 codices
420 2595 586 2642 Καρνεῖ’,
612 2596 707 2639 quod
729 2595 868 2638 recepit
890 2594 1091 2638 Bergkiu83
1115 2593 1198 2626 vide
1214 2594 1260 2626 ad
1283 2605 1318 2625 v.
1342 2592 1387 2625 99
1406 2603 1482 2635 seq.

126 2642 258 2679 Statim
281 2645 363 2687 post
384 2654 419 2676 v.
436 2642 493 2676 86.
518 2641 720 2687 οἰχνέοντες
742 2652 787 2676 ex
802 2639 906 2675 libris
922 2638 1087 2684 plurimis
1100 2638 1251 2683 petitum
1267 2641 1331 2672 est.
1362 2638 1481 2681 SCH.]
