1751 2986
1329 133 1421 160 XXXI

61 225 170 271 Pyth.
193 225 247 269 11,
270 224 327 258 21.
360 228 439 270 post
470 225 626 269 Cinyrae
657 228 692 259 et
723 224 859 258 Ixionis
891 224 1035 260 laudem
1064 235 1128 268 per
1160 224 1424 267 oppositionem

62 288 109 321 ad
131 286 263 322 Ixionis
286 298 440 331 poenam
461 285 608 327 transit,
639 297 682 319 ex
707 297 776 328 quo
801 286 898 321 facto
922 287 956 320 in
980 286 1096 320 fronte
1119 287 1332 320 narrationis
1357 298 1422 332 po-

60 348 130 382 sito
154 348 293 383 initium
315 349 447 383 ducens
471 348 598 382 deinde
621 335 760 381 scelera
785 347 853 381 viri
879 347 1029 389 indicat,
1055 350 1235 391 postremo
1260 350 1307 382 ad
1331 361 1421 392 poe-

61 421 127 444 nas
149 410 242 444 redit
263 410 424 444 oratioue
448 409 482 443 in
506 409 632 442 orbem
656 420 774 442 versa.
801 429 840 433 —
876 410 982 453 Pyth.
1009 409 1070 452 ΙΙΙ,
1094 408 1128 442 7.
1164 422 1228 453 per
1253 411 1422 445 Chironis

63 472 217 519 laudem*
244 473 291 506 ad
313 471 517 515 Aesculapii
543 475 658 504 artem
682 470 862 504 medicam
886 471 1046 512 delatus,
1079 475 1227 515 propter
1250 472 1423 506 Aescula-

62 532 163 576 pium
188 537 223 567 et
252 533 354 577 quasi
385 545 448 578 per
482 532 784 566 continuationem
814 534 1017 578 argumenti
1050 533 1203 576 primum
1237 535 1424 568 Coronidis

61 594 187 628 matris
224 595 407 629 interitum
439 598 641 635 memorat,
674 607 709 627 v.
735 593 756 627 9
780 606 898 638 seqq.‚
930 606 999 638 quo
1033 595 1135 629 titulo
1168 607 1254 628 usus
1279 597 1422 640 culpam

61 655 214 700 virginis
245 655 420 700 explicat,
454 661 530 690 tum
565 657 611 690 ad
645 656 721 689 cius
751 656 932 689 interitum
963 656 1066 691 redit.
1123 657 1306 701 Explicuit
1331 659 1424 701 quod

61 716 122 750 hic
145 717 328 761 explicare
354 719 517 759 volebat,
548 722 587 751 ut
619 717 766 761 perierit
789 718 946 750 Coronis.
1006 719 1194 752 Postremo
1218 719 1424 763 Aesculapii

62 782 230 822 coeptam
260 778 451 812 historiam
482 777 650 811 absolvit.
704 778 756 811 Ac
789 790 899 821 quum
932 779 1031 812 initio
1064 791 1098 813 v.
1124 780 1157 813 6.
1191 781 1333 814 medica
1366 791 1425 814 ars

62 839 139 874 eius
170 843 453 884 praemonstrata
483 843 596 880 esset,
628 840 722 873 haec
753 851 844 873 nunc
875 841 980 883 plane
1010 840 1209 875 illustratur
1241 853 1353 885 usquc
1377 843 1425 876 ad

62 900 166 936 v.53.
199 903 342 943 Cetera,
366 912 458 944 quae
481 902 614 943 addita,
639 906 785 945 propter
807 901 992 944 sequentia
1017 902 1111 935 dicta
1129 907 1220 936 sunt.
1247 904 1350 937 Vides
1369 905 1424 937 lo—

63 974 143 997 cum
168 964 212 998 de
237 963 414 997 Coronide
436 963 610 997 insertum
634 962 781 996 fabulae
806 964 849 996 (lc
871 963 1099 1007 Aesculapio,
1126 968 1312 1008 utramque
1337 976 1424 999 vero

61 1024 303 1059 narrationem
328 1025 374 1059 ad
397 1035 501 1058 suam
527 1023 597 1057 sibi
621 1025 805 1067 propriam
831 1024 1002 1058 unitatem
1027 1031 1246 1060 revocatam.
1262 1027 1422 1070 —Pytn

62 1086 121 1120 lv.
156 1087 256 1120 initio
288 1086 405 1120 maius
438 1097 583 1119 carmen
616 1089 720 1129 parat
754 1085 799 1118 ob
824 1086 955 1128 duplex
988 1087 1204 1121 beneficium
1238 1089 1425 1132 Apollinis,

62 1159 233 1182 coronam
258 1148 441 1182 Arcesilao
475 1150 510 1180 et
537 1148 723 1179 oraculum
747 1147 854 1180 Batto
887 1148 1024 1180 auctori
1049 1149 1183 1182 datum.
1234 1150 1302 1183 llis
1327 1149 1423 1193 posi-

63 1209 108 1244 tis
131 1220 223 1254 quae
245 1214 438 1253 sequuntur
463 1219 528 1252 pro
553 1207 789 1251 explicatione
812 1214 912 1251 sunt,
951 1210 1064 1243 donec
1087 1223 1122 1244 v.
1148 1211 1194 1244 59
1216 1223 1314 1255 seqq.
1340 1223 1424 1245 con-

62 1271 158 1306 fecto
188 1273 275 1305 orbe
306 1272 353 1305 ad
386 1271 572 1304 oraculum
597 1281 838 1313 coronamque
863 1271 1006 1313 redeat,
1042 1276 1156 1306 totum
1180 1274 1224 1306 de
1250 1273 1424 1306 felicitate

62 1333 162 1378 regis
192 1334 311 1367 locum
343 1333 523 1366 claudens.
585 1332 671 1364 Inde
704 1343 791 1365 vero
826 1333 1117 1377 Argonautarum
1160 1335 1425 1378 expeditionem

62 1395 281 1428 narrandam
304 1393 407 1435 dicit,
443 1394 527 1437 quia
550 1404 640 1438 gens
664 1393 838 1427 Arcesilai
861 1395 964 1438 regia
990 1395 1024 1427 in
1049 1407 1092 1428 ea
1117 1400 1196 1429 orta
1219 1396 1282 1438 sit,
1308 1409 1343 1430 v.
1367 1396 1425 1430 69.

62 1455 124 1491 Sic
148 1456 195 1490 ad
217 1456 288 1489 hoc
310 1455 447 1488 factum
471 1457 545 1487 tota
569 1465 719 1496 sequens
744 1456 900 1489 narratio
928 1462 1136 1495 revocatur,
1162 1458 1264 1500 quasi
1291 1458 1423 1501 omnia,

64 1528 157 1562 quae
190 1517 265 1552 iam
287 1519 497 1556 narrantur,
532 1515 666 1548 nonnisi
698 1517 744 1549 ad
776 1517 1006 1560 explicandas
1040 1519 1199 1563 origines
1223 1520 1424 1563 Euphemi-

63 1580 193 1613 darum
218 1581 417 1611 narrentur.
450 1576 502 1609 Ac
527 1587 654 1609 revera
677 1576 714 1610 in
738 1577 808 1611 fine
838 1590 872 1611 v.
890 1577 958 1611 255
972 1589 1069 1623 seqq.
1097 1581 1142 1614 ad
1167 1581 1308 1614 initium
1331 1582 1425 1615 redit

65 1639 230 1677 omnibus
252 1637 454 1682 patefactis.
479 1657 524 1662 -
557 1638 662 1681 Pyth.
687 1639 726 1679 V,
750 1638 806 1672 51.
840 1651 905 1683 per
938 1641 1200 1684 oppositionem
1234 1654 1255 1676 a
1287 1644 1425 1677 labori-

63 1702 132 1736 bus
161 1701 208 1734 ad
232 1699 330 1733 Batti
361 1698 572 1732 felicitatem
601 1699 746 1741 transit,
777 1701 1037 1736 munimentum
1068 1704 1178 1737 urbis.
1233 1706 1337 1738 Ilaec
1368 1716 1427 1738 res

64 1766 105 1798 ut
127 1761 348 1806 explicetur,
382 1760 617 1794 subiiciuntur
638 1762 842 1805 sequentia,
876 1763 913 1797 in
937 1764 1010 1798 fine
1031 1777 1065 1798 v.
1091 1764 1148 1800 98.
1174 1766 1220 1799 ad
1244 1766 1428 1800 felicitatis

63 1825 209 1861 laudem
227 1823 339 1863 redit3
362 1822 448 1856 licet
469 1822 582 1868 igitur
603 1834 732 1857 revera
756 1825 826 1857 duo
847 1826 1025 1859 contineat
1047 1828 1159 1867 locus,
1184 1828 1328 1870 pietatis
1346 1839 1427 1860 cum

63 1885 242 1922 felicitate
270 1885 440 1926 laudem,
477 1888 669 1918 revocatur
701 1889 820 1919 tamen
854 1887 899 1920 ad
933 1898 1042 1920 unam
1075 1888 1259 1922 felicitatis
1293 1890 1427 1932 pietate

64 1948 170 1982 nixae
201 1946 393 1980 notionem.
417 1964 464 1972 —
496 1947 602 1991 Pyth.
630 1946 686 1978 x‘l.
719 1946 860 1989 pictatis
897 1948 1153 1989 praestantiam
1186 1949 1427 1984 illustraturus

64 2008 276 2045 Archilochi
298 2008 505 2050 exemplum
528 2012 808 2049 commemorat,
835 2007 870 2040 in
893 2018 962 2049 qua
986 2009 1210 2056 narratione,
1243 2014 1341 2043 recte
1367 2022 1426 2043 or-

64 2082 125 2105 sus
149 2082 172 2104 a
193 2074 311 2104 morte
333 2068 422 2110 viri,
447 2068 557 2102 etiam
579 2069 614 2102 in
638 2069 712 2102 fine
735 2069 827 2102 redit
851 2068 896 2100 ad
922 2065 1025 2101 eam(
1040 2088 1086 2092 —
1114 2069 1223 2114 Pyth.
1249 2072 1345 2113 vul,
1369 2071 1426 2105 39.

67 2143 132 2176 per
155 2130 474 2175 amplificationem
497 2130 615 2163 laudis
639 2131 772 2164 dictum
804 2130 848 2162 de
873 2129 1091 2163 Alcmaeone
1117 2143 1353 2175 comparans,
1377 2133 1429 2167 sic

67 2196 188 2229 cetera
210 2195 352 2233 narrat,
384 2190 420 2223 in
450 2189 524 2223 fine
557 2201 627 2223 non
659 2191 753 2224 redit
776 2191 822 2224 ad
845 2191 1006 2234 initium,
1037 2203 1147 2234 quum
1175 2194 1351 2227 sententia
1385 2194 1430 2228 sit

67 2265 160 2301 quae
186 2254 375 2298 probatur,
406 2252 469 2290 sed
506 2252 580 2285 alia
612 2253 718 2286 laude
741 2253 970 2287 Alcmaeonis
1004 2254 1166 2298 mythica
1191 2255 1359 2288 absolvit.
1385 2275 1430 2282 —-

66 2316 175 2360 Pyth.
200 2315 262 2350 lx.
285 2313 387 2348 initio
409 2313 561 2347 laudans
583 2314 843 2348 Telesicratem
874 2316 982 2348 decus
1006 2316 1230 2360 Cyrenarum
1253 2316 1305 2349 sic
1329 2318 1430 2360 quasi

60 2384 134 2421 {per
173 2375 495 2420 amplificationem
524 2376 572 2410 ad
601 2377 779 2421 Cyrenam
818 2377 1017 2421 nympham
1049 2377 1195 2418 transit,
1242 2388 1351 2420 quam
1383 2379 1429 2412 ab

68 2437 236 2481 Apolliile
265 2436 301 2470 in
326 2436 483 2481 Libyam
513 2440 728 2473 translatam
750 2438 871 2482 ibique
902 2438 1034 2482 nuptiis
1058 2438 1232 2484 legitimis
1256 2450 1339 2472 cum
1363 2440 1430 2473 deo

69 2500 228 2538 iunctam
257 2497 355 2532 dicit.
409 2499 491 2532 Hoc
521 2499 637 2543 posito
667 2501 765 2534 facto
798 2501 922 2533 thema
945 2500 1158 2534 narrationis
1182 2501 1319 2544 posuit3
1353 2501 1430 2534 iam

69 2559 167 2599 enim,
188 2563 301 2609 totam
324 2559 490 2595 fabulam
520 2561 566 2595 ab
591 2562 733 2607 origine
755 2562 884 2606 repetit
908 2565 943 2595 et
966 2562 1003 2596 in
1026 2562 1100 2596 fine
1123 2574 1158 2596 v.
1183 2561 1228 2595 68
1251 2574 1349 2606 seqq.
1383 2563 1430 2596 ad

40 2614 44 2616 ’
69 2620 210 2655 initium
243 2620 358 2663 redit,
389 2625 428 2655 ut
458 2623 611 2666 probata
640 2635 692 2657 re.
746 2625 785 2658 Iu
811 2623 938 2656 eodem
971 2623 1130 2657 carmine
1154 2636 1189 2658 v.
1215 2622 1294 2657 105.
1326 2624 1430 2667 quasi

0 2699 14 2705 -
71 2693 136 2726 per
169 2681 468 2719 continuationem
499 2685 616 2720 laudis
648 2686 694 2720 ad
716 2686 874 2720 maiores
896 2684 929 2719 T
932 2684 1130 2720 elesicratis
1162 2685 1313 2720 deducta
1345 2695 1427 2720 ora-
