1751 2986
1418 163 1488 190 xm

130 257 251 300 debet,
274 258 372 291 lucta
395 255 504 290 fuerit
527 266 572 289 an
597 255 791 301 pugilatus,
815 255 1054 300 pancratium,
1079 255 1358 299 quinquertium,
1383 266 1489 289 curu-

129 319 175 354 lis
198 319 362 359 victoria,
386 317 479 359 alia,
505 317 599 361 quod
623 328 691 350 non
717 317 856 350 factum
881 318 938 351 01.
963 317 1053 351 XIV.
1079 317 1293 350 brevissimo
1319 317 1490 350 carmine.

129 379 221 413 Nam
247 379 336 414 talia
359 379 504 423 quidem
529 377 702 411 historica
725 378 960 412 fundamenta
976 383 1065 420 sunt,
1090 378 1220 422 quibus
1236 378 1391 422 hymnus
1403 378 1492 421 Epi-

129 441 244 474 nicius
267 441 399 483 nititur,
423 452 486 474 nec
511 440 658 473 definita
683 440 727 473 sit
753 442 830 473 laus
856 441 1028 475 victoriae
1053 440 1168 474 aliter.
1201 440 1363 483 Denique
1383 440 1491 473 ctiam

130 503 218 536 deus
241 504 408 536 ludorum
433 504 558 546 pulcre
582 501 779 535 institutum.
804 506 857 535 est
880 514 901 536 a
925 508 1032 546 pocta
1055 506 1093 535 ut
1116 502 1194 535 fere
1218 502 1349 545 ubique
1366 502 1491 535 laude—

129 567 199 605 tur,
226 564 320 608 quod
344 563 400 597 bis
426 564 632 608 neglectum
656 563 773 605 video,
801 564 906 608 Pyth.
929 566 1007 598 XII.
1033 565 1156 598 Isthm.
1175 564 1254 605 lv„
1281 556 1493 607 peculiares,

130 629 238 669 puto,
263 626 308 658 ob
334 636 482 665 causas;
509 629 615 668 atque
639 626 819 659 interdum
843 625 976 660 fabulis
1001 627 1105 660 simul
1128 626 1219 659 inest
1242 625 1299 658 dei
1323 627 1420 667 lauS,
1454 628 1492 658 ut

134 686 191 721 Ol.
210 687 275 720 111.
300 687 487 732 Pyth.111.
508 688 570 719 lx.
598 687 698 720 Nem.
719 688 758 719 Υ.
782 688 870 719 ΠΗ.
896 689 1022 720 lsthm.
1044 689 1137 728 vll„
1173 689 1381 731 plerumque
1405 697 1491 719 vcro

131 747 268 782 directa
293 748 452 781 oratione
476 752 663 790 tractatur,
701 748 861 781 suaviter
889 759 979 780 nuuc
1012 750 1082 781 hoc
1115 760 1206 780 nunc
1230 749 1294 781 illo
1315 749 1423 781 modo
1448 748 1492 781 il-

130 809 218 843 lata.
243 809 346 841 Haec
370 808 514 851 quidem
539 809 583 841 de
607 808 685 848 his3
710 809 755 841 ad
779 820 837 841 res
862 809 957 852 ipsas
984 809 1130 853 propius
1154 810 1370 842 accedimus.
1406 810 1493 843 Sunt

131 873 257 904 autem
278 870 426 911 laudes,
461 869 740 911 admonitiones,
778 882 921 914 preceS,
958 882 1049 914 quae
1073 871 1235 904 oratione
1258 871 1394 904 directa
1417 874 1490 905 tra-

133 934 287 973 ctantur,
313 932 356 964 de
383 931 512 974 quibus
534 931 642 963 rebus
667 942 756 963 nunc
780 931 986 965 videndum.

220 994 336 1036 Atque
362 996 400 1026 ut
423 993 581 1036 primum
605 992 649 1025 dc
672 993 747 1025 lau
762 992 815 1025 de
838 993 982 1026 virtutis
1005 994 1166 1028 ludicrae
1189 1005 1386 1039 exponam,
1411 995 1494 1028 illu-

130 1057 263 1087 stratur
295 1054 388 1087 haec
411 1054 569 1087 maxime
595 1065 638 1087 ex
662 1054 769 1087 rebus
793 1054 905 1098 gestis
933 1055 1079 1088 victoris
1113 1062 1147 1089 et
1170 1056 1334 1089 familiae
1360 1056 1493 1101 gentis—

130 1127 213 1159 que,
237 1115 268 1148 si
291 1116 385 1149 haec
410 1115 529 1161 gloria
563 1119 598 1149 et
621 1115 764 1148 fortuna
787 1115 896 1149 simili
920 1117 1073 1150 excellit.
1121 1118 1181 1151 Sic
1207 1119 1360 1162 primum
1386 1119 1495 1150 robur

131 1180 168 1211 et
200 1176 394 1211 dexteritas
425 1176 571 1211 victoris
601 1177 635 1210 in
660 1177 854 1211 certamine
880 1179 1032 1221 probata
1055 1180 1222 1212 laudatur
1247 1179 1303 1212 01.
1326 1179 1417 1221 vul,
1436 1178 1492 1211 67.

131 1239 239 1283 Pyth.
255 1239 347 1280 vm,
366 1238 423 1272 81.
450 1238 506 1272 Ol.
530 1239 590 1276 IX,
606 1238 662 1271 91.
689 1239 790 1272 Nem.
812 1240 874 1279 Ill,
898 1240 952 1272 16.
978 1241 1103 1273 Isthm.
1122 1241 1185 1281 ΙΙΙ,
1201 1240 1281 1279 63.;
1308 1252 1370 1273 nec
1396 1244 1493 1273 tace—

130 1303 188 1334 tur
211 1299 342 1344 ctiam,
375 1300 406 1334 si
437 1298 521 1343 quid
554 1301 698 1334 adversi
730 1300 878 1344 accidit,
913 1304 950 1334 ut
975 1301 1031 1334 Ol.
1057 1303 1119 1343 XI,
1143 1302 1197 1335 15.
1222 1302 1324 1334 Nem.
1347 1302 1405 1343 IV,
1423 1301 1494 1343 32„

132 1361 225 1405 quod
257 1361 410 1396 victoria
441 1361 476 1394 in
509 1363 653 1395 laudem
693 1363 862 1401 verterim
898 1367 1118 1395 memoratur
1151 1363 1306 1406 denique
1336 1363 1496 1396 suaviter

131 1422 242 1456 etiam
265 1422 406 1456 formae
435 1423 635 1466 pulcritudo
660 1424 835 1458 interdum
861 1435 941 1456 cum
960 1423 1180 1465 fortitudine,
1204 1429 1241 1458 ut
1261 1425 1422 1464 01.v111‚
1440 1424 1495 1458 19.

130 1484 195 1522 IX,
215 1481 272 1516 94.
299 1484 359 1523 xl,
379 1482 457 1516 100.
484 1484 608 1518 Isthm.
631 1486 688 1525 vl,
708 1484 763 1517 22.
787 1486 857 1519 aL:
891 1485 953 1518 sed
987 1486 1126 1518 rariora
1152 1490 1272 1519 tamen
1298 1490 1379 1519 sunt
1404 1487 1495 1521 haec

131 1545 279 1590 quidem
303 1548 339 1578 et
360 1546 474 1580 multo
500 1545 615 1580 minus
639 1547 802 1580 adhibita
826 1549 1037 1579 ornamenta
1061 1547 1199 1589 omnia,
1235 1559 1342 1591 quum
1367 1558 1495 1590 exspe—

133 1607 288 1642 ctaveris
311 1607 348 1640 in
371 1607 536 1651 Epinicio
563 1609 733 1649 carmine,
758 1619 800 1642 ac
824 1608 957 1642 frustra
981 1608 1042 1641 hic
1067 1620 1220 1652 quaeras
1240 1609 1496 1652 descriptiones

130 1670 251 1705 luctae
276 1672 336 1703 aut
360 1669 537 1712 pancratii
561 1670 743 1714 longiores
770 1670 961 1713 variosque
985 1671 1110 1703 modos
1135 1671 1370 1704 certaminum
1385 1682 1496 1714 expo-

132 1730 233 1772 sitos,
255 1741 349 1774 quae
373 1742 430 1765 res
454 1733 598 1776 largam
624 1731 767 1765 dicendi
792 1732 933 1775 copiam
958 1733 1137 1776 praebere
1162 1734 1344 1776 potuisset.
1381 1732 1496 1766 Nimi-

133 1803 214 1826 rum
237 1792 422 1836 Epiuicius
436 1794 602 1837 'hymnus
620 1794 707 1826 talia
723 1793 885 1826 breviter
903 1798 1033 1827 tractat
1052 1798 1086 1827 ct
1101 1795 1319 1835 summatim,
1345 1805 1497 1837 quorum

132 1854 280 1888 uberior
312 1858 347 1888 et
378 1855 564 1888 verbosior
596 1854 788 1898 descriptio
813 1855 931 1888 aliena
963 1856 1009 1888 ab
1035 1855 1112 1888 cius
1136 1854 1429 1899 magnificentia3
1461 1857 1497 1887 at

132 1916 170 1950 iu
193 1916 514 1959 Hyporchematis,
537 1916 732 1959 Encomiis,
757 1916 887 1950 Scoliis
911 1917 1014 1959 plura
1039 1916 1244 1949 huiusmodi
1270 1917 1363 1948 lecta
1381 1913 1499 1947 credi—

133 1977 262 2021 derim,
285 1977 592 2021 quemadmodum
617 1977 726 2011 etiam
751 1989 925 2021 equorum
951 1989 1192 2020 curruumque
1208 1975 1402 2019 ampliores
1418 1977 1499 2008 lau-

133 2040 220 2080 den
255 2038 301 2072 cf.
323 2038 427 2072 Nem.
445 2039 507 2073 IX.
525 2039 588 2072 fin.
614 2042 649 2072 et
673 2050 765 2082 quae
791 2040 836 2072 ad
861 2040 1082 2082 Fragmenta
1105 2038 1269 2070 diximus,
1300 2036 1394 2068 lllud
1411 2046 1498 2068 vero

132 2099 291 2134 maxime
313 2100 375 2134 hic
398 2100 509 2134 moris
533 2104 603 2141 est,
630 2100 691 2134 ubi
718 2102 836 2143 plures
859 2099 1034 2132 victoriae
1059 2109 1081 2132 a
1103 2099 1241 2132 victore
1264 2100 1326 2130 aut
1347 2096 1423 2129 eius
1441 2095 1500 2129 fa-

131 2160 236 2194 milia
260 2165 296 2194 et
319 2164 427 2205 gente
449 2164 675 2203 reportatae,
700 2165 737 2193 ut
763 2160 972 2193 nominatim
995 2164 1260 2198 memorentur,
1298 2162 1404 2201 atque
1427 2158 1499 2190 hoc

134 2232 252 2267 genus
276 2221 393 2255 laudis
417 2221 453 2254 in
478 2220 645 2264 plurimis
661 2221 881 2254 carminibus
897 2224 1092 2255 tractatum
1112 2221 1284 2265 reperies.
1317 2219 1500 2252 Interdum

135 2282 250 2317 oratio
273 2281 545 2325 simplicissima
571 2285 636 2323 est,
659 2284 697 2314 ut
721 2281 810 2315 nihil
834 2282 902 2316 nisi
927 2282 1007 2326 ipsa
1030 2283 1175 2316 uomina
1200 2283 1363 2316 locorum
1386 2282 1502 2324 legas,

135 2345 239 2378 nullo
263 2344 336 2378 alio
360 2347 487 2377 ornatu
511 2342 684 2383 admixto,
708 2344 823 2377 veluti
846 2343 901 2377 01.
925 2344 1021 2376 XIII.
1038 2344 1114 2386 fin,
1138 2344 1172 2377 iu
1199 2343 1279 2377 aliis
1302 2342 1419 2375 maior
1439 2342 1501 2374 de—

136 2405 371 2450 prehenditur
393 2404 553 2439 varietas
578 2403 730 2444 dicendi,
755 2404 1003 2448 imprimisque
1027 2409 1151 2438 ornate
1174 2408 1346 2438 tractatus
1371 2407 1424 2436 est
1446 2403 1501 2435 lo-

138 2476 202 2500 cus
224 2465 328 2499 Nem.
354 2464 578 2508 X‚25⁸eqq.
627 2465 759 2499 verum
791 2467 863 2500 ais:
897 2479 959 2500 cur
993 2470 1179 2511 tantopere
1211 2467 1312 2500 favet
1343 2466 1501 2508 hymnus

135 2526 321 2572 Epinicius
350 2526 408 2560 his
443 2526 787 2571 enumerationibus,
819 2539 911 2571 quae
935 2530 1047 2573 vulgo
1079 2528 1246 2562 videntur
1269 2526 1444 2567 ieiunae,
1464 2528 1504 2559 ut

137 2589 348 2633 plerumque
370 2590 502 2623 multos
527 2600 653 2622 versus
676 2588 878 2633 impleant?
926 2591 1019 2634 Quia
1042 2602 1128 2624 vere
1151 2589 1350 2634 magnifica
1376 2590 1427 2620 est
1451 2589 1503 2620 tot

138 2650 305 2700 ludorum
338 2663 404 2695 per
427 2650 622 2685 Graeciam
646 2652 884 2696 enumeratio,
916 2656 969 2686 tot
999 2652 1246 2696 praemiorum
1270 2653 1322 2683 tot
1346 2648 1413 2682 diis
1438 2648 1500 2681 de—

138 2699 218 2746 bita
240 2712 456 2756 reportatio,
492 2715 530 2747 ut
558 2712 694 2747 directa
719 2712 833 2746 oratio
857 2712 916 2747 vix
941 2713 1078 2747 habeat
1101 2713 1231 2756 quibus
1255 2711 1374 2756 magis
1399 2712 1499 2744 ornet
