1794 2982
569 134 822 177 PYTHIA
863 134 940 177 Vl.
1354 133 1432 174 1:30

180 243 368 303 ταύτας
399 243 448 292 δὲ
480 242 542 307 μή
575 257 680 290 ποτε
711 245 839 304 τιμᾶς

203 311 394 375 ἀμείρειν
427 311 594 374 γονέων
625 311 724 372 βίον
757 308 1055 371 πεπρωμένον.

201 423 346 487 ἔγεντο
379 424 455 470 καὶ
487 420 701 484 πρότερον
734 420 978 483 Ἀντίλοχος
1009 419 1163 483 βιατὰς
1251 421 1357 480 Στρ.
1377 417 1428 465 ὁ’.

201 490 349 555 νόημα
381 494 515 538 τοῦτο
549 490 715 552 φέρων,

103 563 168 609 30
202 556 254 617 ὃς
285 557 563 620 ὑπερέφθιτο
594 555 782 618 πατρός,
819 555 1132 616 ἐναρίμβροτον

203 625 458 687 α’ναμείναις
490 624 762 685 στράταρχον
795 623 1024 670 Αἰθιόπων

204 694 432 754 Μέμνονα.
485 691 757 752 Νεστόρειον
789 689 873 752 γὰρ
907 692 1040 748 ἵππος
1074 688 1174 752 ἅρμ’
1208 693 1340 742 ἐπέδα

204 759 382 821 Πάριος
415 760 463 806 ἐκ
496 759 656 820 βελέων
691 759 909 819 δαϊχθείς·
947 755 973 804 ὁ
1007 756 1047 805 ὁ’
1079 759 1239 821 ἔφεπεν

202 824 413 888 κραταιὸν
446 825 568 888 ἔγχος
583 843 592 852 ·

103 897 167 942 35
204 893 470 942 Μεσσανίου
503 893 551 940 δὲ
584 892 789 954 γέροντος

203 964 447 1026 δονηθεῖσα
481 957 607 1024 φρὴν
640 958 774 1021 βόασε
807 959 945 1005 παῖδα
979 953 1053 1005 ὅν·

1248 1052 1354 1111 Στρ.
1386 1050 1431 1097 ε’.

202 1118 460 1180 χαμαιπετὲς
492 1115 532 1164 δ’
567 1113 636 1177 ἄρ’
668 1115 773 1173 ἔπος
806 1112 892 1162 οὐκ
927 1112 1163 1177 α’πέριψεν·
1200 1114 1345 1164 αὐτοῦ

202 1185 348 1247 μένων
381 1184 420 1233 δ’
455 1182 480 1232 ὃ
513 1189 639 1241 θεῖος
672 1182 787 1247 ἀνὴρ

204 1252 363 1314 πρίατο
396 1253 474 1315 μὲν
507 1249 725 1299 θανάτοιο
759 1246 949 1310 κομιδὰν
982 1248 1163 1311 πατρός,

103 1320 170 1369 40
205 1319 416 1384 ἐδόκησέν
448 1338 492 1367 τε
525 1323 612 1366 τῶν
644 1318 779 1366 πάλαι
812 1320 939 1381 γενεᾷ

204 1386 534 1451 ὁπλοτέροισιν,
569 1387 693 1448 ἔργον
727 1385 945 1445 πελώριον
979 1384 1187 1443 τελέσαις,

204 1453 375 1514 ὕπατος
404 1453 519 1518 ἀμφὶ
550 1459 756 1502 τοκεῦσιν
789 1452 918 1513 ἔμμεν
951 1450 1065 1514 πρὸς
1099 1451 1269 1516 ἀρετάν.

203 1520 258 1570 τὰ
290 1524 370 1584 μὲν
402 1522 598 1583 παρίκει·

201 1594 292 1637 τῶν
323 1593 411 1638 νῦν
446 1591 494 1636 δὲ
527 1589 602 1635 καὶ
642 1586 968 1649 Θρασύβουλος

104 1657 170 1705 45
203 1655 413 1722 πατρῴαν
447 1655 636 1718 μάλιστα
669 1653 783 1717 πρὸς
817 1654 1023 1717 στάθμαν
1057 1656 1147 1718 ἔβα,

116 1801 149 1824 v.
173 1790 229 1824 28.
253 1789 395 1834 ἐγένετο
426 1810 470 1817 -
504 1802 534 1823 ν.
560 1789 616 1824 36.
643 1789 850 1824 δοναθεῖσα
875 1796 910 1822 et
935 1787 1070 1834 βόασεν
1092 1811 1138 1817 -
1170 1804 1201 1825 ν.
1227 1792 1282 1826 37.
1307 1790 1436 1841 ἀπέρι-

70 1841 143 1880 ψεν
167 1834 286 1871 αὖτοῦ
301 1847 309 1855 ·
333 1856 380 1863 -
402 1849 437 1870 v.
460 1836 517 1870 40.
544 1832 698 1878 ἐδόκησέ
720 1847 759 1870 τε
783 1854 827 1861 -
852 1848 884 1870 v.
909 1836 964 1869 43.
989 1835 1161 1882 παρήκει.

12 1941 23 1948 -
72 1918 182 1954 ivisse
206 1923 359 1965 apparet
383 1931 424 1954 ex
448 1920 508 1954 Et.
529 1919 581 1953 M.
608 1930 643 1963 p.
662 1918 741 1960 808,
757 1918 815 1952 43.
853 1920 992 1953 Scholl.
1011 1920 1098 1953 Vict.
1125 1921 1167 1955 Il.
1197 1923 1238 1964 Φ,
1257 1921 1336 1955 319.
1362 1923 1438 1957 Eu-

71 1965 181 1999 otath.
201 1966 245 2000 ll.
265 1978 300 2010 p.
317 1964 421 2008 1326,
440 1964 497 2000 20.
533 1964 622 1998 Vide
646 1964 782 2008 Spitzn.
800 1966 948 1998 Excurs.
962 1966 1124 2007 xxxn„
1149 1967 1208 2009 qui
1226 1966 1267 2001 τὸ
1285 1967 1441 2011 χέραδος

71 2011 234 2045 Homero
248 2011 430 2055 relinquit,
454 2009 524 2054 τὴν
539 2009 677 2055 χεράδα
700 2010 854 2043 Pindaro
880 2013 914 2043 et
938 2011 1125 2054 Sapphoni
1143 2012 1277 2046 tribuit.
1308 2014 1363 2046 Ex
1383 2017 1440 2048 ta-

73 2056 171 2090 bulis
183 2056 488 2090 Heracleensibus
500 2053 541 2090 τὸ
551 2055 714 2100 χάραδος
737 2055 842 2088 affert
855 2056 995 2089 Ahrens
1006 2057 1049 2089 de
1058 2057 1153 2090 nial.
1166 2058 1249 2091 Dor.
1264 2070 1297 2102 p.
1306 2059 1383 2093 118.
1394 2080 1439 2085 —

74 2101 282 2135 Boeckhius
306 2101 435 2141 ἄνεμοι
460 2104 495 2134 et
518 2099 742 2143 τυπτόμενοι
765 2101 913 2144 recepit,
939 2105 976 2134 ut
1001 2106 1094 2135 esset
1118 2103 1202 2135 illisi
1220 2104 1347 2148 impetu
1366 2117 1439 2148 suo,

75 2145 201 2190 χεράδι
228 2150 349 2180 autem
370 2146 581 2191 iungeretur
602 2157 684 2179 cum
709 2145 840 2187 ἄξοισι.
879 2147 1010 2180 Contra
1029 2148 1259 2187 Hermannus
1285 2150 1439 2194 Opuscc.

75 2192 154 2225 vn.
179 2190 308 2236 p.154.
334 2191 594 2235 correptionem
619 2191 655 2224 in
680 2203 770 2225 voce
796 2190 924 2234 ἅνεμόι
947 2193 1141 2226 admissam
1165 2193 1201 2227 in
1219 2194 1347 2229 ultima
1365 2198 1441 2241 syl-

77 2238 164 2271 laba
196 2237 304 2281 primi
335 2236 483 2281 paeonis
514 2237 696 2280 improbat
728 2241 762 2270 et
785 2236 1017 2281 τυπτόμενον
1041 2250 1122 2272 cum
1146 2239 1310 2274 Dissenio
1334 2253 1441 2286 prae—

76 2281 159 2317 fert.
203 2282 272 2316 Cui
295 2282 592 2326 morigerandum
617 2282 713 2315 duxi.
759 2283 879 2325 SCH.]

168 2339 205 2362 v.
229 2327 284 2361 21.
335 2328 397 2371 [τά
423 2325 505 2362 ποτ’
530 2328 746 2361 Schmidius.
795 2329 840 2361 Et
871 2328 923 2361 sic
954 2328 988 2361 in
1017 2339 1087 2362 uno
1113 2330 1235 2364 codice
1258 2336 1442 2375 repertum

79 2375 146 2407 est.
185 2373 273 2406 vide
297 2372 616 2414 Commentarium.
649 2373 749 2406 idem
772 2385 808 2406 v.
827 2371 883 2405 28.
909 2378 1006 2406 recte
1030 2373 1151 2417 ἔγεντο
1171 2377 1272 2418 (Par.
1286 2378 1336 2418 Β)
1353 2378 1442 2411 scri—

79 2419 160 2463 psit,
185 2429 295 2462 quum
319 2430 429 2452 causa
453 2430 522 2452 non
546 2418 674 2459 fuerit,
701 2430 764 2451 cur
789 2419 946 2451 solveret
971 2418 1065 2452 arsin
1089 2420 1285 2455 iambicam
1307 2423 1442 2456 Pinda-

79 2474 151 2497 rus.
199 2464 288 2497 Vide
314 2464 539 2498 Boeckhium
565 2464 608 2497 de
635 2464 727 2497 Crisi
750 2466 781 2505 §.
805 2463 860 2496 35.
886 2475 918 2507 p.
947 2462 1014 2496 104
1037 2476 1110 2509 seq.
1158 2466 1276 2510 SCH.]

170 2520 205 2542 v.
228 2508 286 2542 36.
335 2509 558 2553 [Boeckhius
581 2511 773 2553 vulgatum
799 2510 1003 2543 δοναθεῖσα
1027 2516 1238 2546 servaverat
1262 2511 1384 2546 invitis
1409 2516 1444 2548 et

81 2553 185 2588 libris
201 2553 346 2598 optimis
363 2559 400 2589 et
416 2555 566 2589 ratione.
590 2555 679 2588 Vide
689 2555 885 2588 Ahrentem
902 2555 946 2588 de
957 2554 1051 2588 Dial.
1067 2557 1152 2588 Dor.
1165 2569 1200 2601 p.
1212 2555 1290 2591 148.
1316 2559 1441 2600 SCH.]

171 2610 207 2632 v.
230 2598 287 2632 37.
310 2608 316 2622 ¹
337 2598 537 2645 [ἀπέριψεν
561 2598 701 2634 αὑτοῦ·
735 2599 856 2643 μένων
879 2598 912 2634 δ’
937 2603 1012 2634 κτλ.
1037 2603 1162 2646 vulgo.
1210 2601 1337 2637 Αὐτοῦ
1363 2615 1443 2637 cor—

84 2645 459 2734 rgctumstghllleynio
493 2648 528 2680 et
551 2644 738 2679 Boeckhio
763 2657 806 2679 ex
829 2645 943 2680 libris.
991 2646 1140 2681 Rectius
1161 2647 1319 2683 distinxit
1341 2649 1444 2694 Hey-

83 2699 174 2723 mus.
319 2714 327 2722 .
