1794 2982
335 97 413 139 130
729 94 1199 136 ΠΤΘΙΟΝῙΚΑΙ
1233 93 1303 136 Ε’.

470 204 560 250 ἐπεὶ
593 200 810 265 συγγενὴς

472 266 713 331 ὀφθαλμὸς

473 335 753 383 αἰδοιότατον
786 334 931 397 γέρας,

372 410 436 454 20
469 408 544 468 τεᾷ
576 408 711 450 τοῦτο
745 402 1011 464 μιγνύμενον
1044 404 1194 463 φρενί·

471 472 618 533 μάκαρ
654 472 701 517 δὲ
735 471 809 516 καὶ
843 474 953 527 νῦν,
984 473 1187 528 κλεεννᾶς
1221 468 1288 516 ὅτι
1655 486 1699 518 25

362 550 446 594 (⁶20)
473 531 604 600 εὖχος
646 536 735 601 ἤδη
772 535 893 600 παρὰ
931 537 1176 595 Πυθιάδος
1209 540 1358 596 ἵπποις
1391 537 1500 586 ἑλών
1533 539 1698 597 δέδεξαι

1008 603 1133 652 τόνδε
1168 610 1318 667 κῶμον
1352 604 1534 669 ἀνέρων,

470 760 760 809 Ἀπολλώνιον
795 759 992 821 ἄθυρμα.
1028 765 1090 828 τῷ
1108 773 1156 809 σε
1175 761 1236 827 μὴ
1255 764 1427 811 λαθέτω
1460 762 1553 811 Ἐπ.
1575 763 1627 810 α’.
1657 776 1700 808 30

472 829 664 894 Κυράνα
682 827 854 891 γλυκὺν
875 828 990 890 αμφὶ
1008 834 1153 877 κᾶπον
1172 829 1432 892 Ἀφροδίτας
1450 830 1702 893 ἀειδόμενον

372 903 436 948 25
473 898 601 944 παντὶ
636 898 714 957 μὲν
745 894 856 943 θεὸν
890 898 1029 944 αἴτιον
1061 895 1366 960 ὑπερτιθέμεν,

471 969 616 1025 φιλεῖν
650 966 696 1011 δὲ
739 962 978 1024 Κάρρωτον
1011 963 1120 1026 ἔξοχ’
1154 966 1356 1028 ἑταίρων·

360 1045 441 1086 (95)
466 1031 518 1089 ὃς
553 1031 611 1079 οὐ
644 1030 725 1078 τάν
758 1030 1026 1092 Ἐπιμαθέος
1062 1031 1180 1094 ἄγων
1657 1043 1700 1078 35

469 1098 665 1156 ὀψινόου
699 1099 927 1161 θυγατέρα
960 1098 1189 1161 πρόφασιν
1222 1104 1439 1148 Βαττιδᾶν

470 1166 652 1229 α’φῖκται
685 1165 855 1228 δόμους
888 1167 1253 1229 θεμιςκρεόντων·

381 1334 414 1354 v.
445 1323 496 1355 17.
525 1320 596 1366 ἔχει
620 1321 797 1366 συγγενὴς
821 1340 866 1346 -
891 1334 921 1354 v.
949 1322 1002 1355 19.
1028 1321 1285 1356 αἰδοιέστατον
1309 1342 1350 1347 --
1376 1335 1407 1358 v,
1431 1324 1488 1358 24.
1515 1325 1599 1358 Post
1620 1321 1704 1360 αἐι-

338 1367 498 1412 δόμενον
522 1369 834 1412 imm-pungebatur
858 1368 951 1403 colo.
979 1389 1020 1393 —
1045 1380 1077 1401 v.
1103 1369 1159 1403 29.
1197 1366 1353 1412 ἄφίκετο

427 1509 461 1530 v.
488 1496 544 1529 17.
592 1497 622 1530 A
647 1496 825 1540 Ceporino
860 1496 905 1530 de
937 1497 1142 1532 coniectura
1174 1498 1315 1532 illatum
1350 1496 1383 1533 δ’
1415 1502 1494 1543 post
1528 1498 1705 1543 συγγενής

336 1542 545 1575 Boeckhius
576 1554 658 1575 cum
691 1542 826 1576 Beckio
859 1547 894 1575 et
918 1543 1127 1577 Hermanno
1152 1544 1267 1578 eiecit.
1316 1545 1603 1588 Explicationem
1631 1545 1704 1579 loci

336 1587 553 1621 difficilioris
576 1588 660 1621 vide
685 1588 720 1620 in
747 1589 1026 1621 Commentario.
1065 1590 1161 1635 [Ego
1180 1589 1302 1632 recepi
1321 1590 1492 1623 eximiam
1507 1590 1703 1624 correctio-

335 1644 417 1665 nem
442 1633 653 1674 Hermanni,
678 1633 740 1676 qui
763 1635 787 1666 l.
816 1645 845 1665 c.
872 1646 906 1676 p.
932 1633 1009 1666 146.
1038 1633 1107 1677 ἔχει
1133 1635 1167 1667 ἰη
1194 1633 1271 1669 ἐπεί
1298 1639 1434 1668 mutato
1459 1636 1529 1669 loci
1554 1636 1703 1670 difficil-

334 1677 412 1711 limi
443 1679 656 1724 sententiam
698 1679 850 1721 aperuit.
907 1679 968 1712 Sic
1000 1679 1181 1724 intellige:
1232 1682 1277 1713 Te
1310 1681 1363 1713 ius
1396 1687 1590 1715 servantem
1628 1693 1701 1715 ma-

334 1734 408 1772 gna
434 1725 586 1767 sequitur
604 1725 771 1766 felicitas,
794 1724 925 1767 partim
950 1725 1039 1767 quod
1062 1737 1122 1757 rex
1146 1738 1180 1758 es
1204 1737 1413 1770 magnarum
1436 1728 1588 1760 urbium.-
1621 1739 1702 1760 uam

333 1769 468 1813 gentile
493 1770 604 1802 lumen
628 1775 678 1802 est
701 1770 786 1802 haec
810 1769 956 1802 maxime
970 1771 1176 1803 venerabilis
1195 1771 1353 1816 dignitas
1375 1777 1458 1805 tuae
1481 1773 1616 1806 sociata
1639 1784 1702 1806 sa—

329 1815 503 1859 pierztz‘ac3
527 1816 657 1859 partim
683 1815 802 1848 beatus
826 1826 880 1857 es,
906 1816 994 1859 quod
1017 1816 1132 1849 vicisti
1154 1829 1242 1849 nunc
1266 1817 1301 1850 ἰη
1325 1817 1415 1850 ludis
1441 1818 1588 1862 pythiis.
1627 1818 1702 1852 Au-

333 1861 458 1893 dacter
481 1872 604 1893 rursus
627 1860 827 1905 Bergkius:
863 1859 978 1904 ἔχεις
1009 1860 1193 1905 συγγενὲς
1226 1860 1427 1906 ὀφθαλμῷ
1461 1861 1702 1899 αἰδοιότατον

332 1905 458 1949 γέρας,
496 1910 535 1939 ut
559 1904 746 1951 ὀφθαλμῷ
779 1917 860 1938 cum
893 1905 1133 1941 αἰδοιότατον
1158 1910 1349 1942 coalescat.
1396 1909 1480 1943 Vult
1501 1909 1598 1943 hunc
1624 1921 1703 1943 esse

331 1951 556 1984 intellectum
588 1951 679 1992 loci,
716 1955 754 1984 ut
780 1954 887 1994 poeta
911 1952 1040 1986 dixerit
1062 1954 1199 1997 regiam
1223 1954 1453 1998 dignitatem,
1487 1967 1573 1999 quae
1597 1956 1704 1989 oculis

331 1997 478 2030 maxime
503 1998 709 2030 venerabilis
733 1997 910 2039 videatur,
940 1999 1149 2031 Arcesilaum
1174 2011 1196 2032 a
1220 2000 1409 2032 maioribus
1434 2006 1611 2044 acceptam
1633 2001 1702 2034 Ῐια-

335 2043 422 2075 bere.
472 2042 517 2075 At
542 2043 626 2086 quid
652 2046 726 2076 tum
753 2040 967 2088 ὀφθαλμῷῖ
1014 2044 1172 2078 Pluralis
1197 2044 1420 2078 necessarius
1443 2045 1548 2080 foret.
1596 2046 1703 2090 Quod

333 2098 447 2131 quum
471 2087 652 2132 Bergkius
676 2088 752 2132 ipse
777 2087 929 2123 sensisse
954 2089 1131 2132 videatur,
1155 2090 1238 2124 fieri
1262 2102 1367 2135 posse
1391 2091 1509 2134 addit,
1542 2094 1582 2125 ut
1605 2091 1703 2126 aliud

334 2133 441 2176 plane
465 2134 618 2167 verbum
641 2133 825 2177 scripserit
848 2138 968 2178 poeta,
993 2136 1298 2178 quemadmodum
1331 2135 1545 2180 ὀφθαλμοῖς
1570 2134 1705 2181 σεμνό-

332 2190 459 2265 ἒατονῇ
524 2179 618 2212 Nam
667 2178 910 2214 αἰδοιότατον
957 2181 1134 2215 Schmidii
1181 2185 1255 2216 est:
1307 2183 1393 2216 libri
1433 2181 1703 2218 αἰδοιέστατον.

424 2280 459 2301 v.
482 2267 539 2301 23.
589 2269 657 2313 [τῷ
689 2281 727 2304 σε
751 2270 801 2315 μή
829 2271 1050 2306 Schmidius.
1098 2271 1201 2305 Libri
1217 2284 1299 2307 cum
1322 2272 1481 2308 Scholiis
1503 2273 1555 2319 τῷ
1577 2270 1629 2317 μή
1651 2283 1704 2316 σε,

333 2316 478 2357 praeter
503 2314 603 2356 duos,
629 2316 688 2358 qui
715 2319 764 2362 τῷ
788 2316 837 2362 μή
863 2331 938 2362 μιν.
986 2318 1109 2361 SCH.]

423 2370 457 2392 v.
482 2358 538 2392 26.
591 2361 812 2402 [Boeckhius
845 2365 953 2407 φίλει
1004 2363 1204 2397 Aristarchi
1227 2363 1335 2406 lectio
1362 2365 1482 2407 φιλεῖν
1516 2366 1632 2398 exstat
1662 2363 1699 2398 in

332 2403 493 2448 Gotting.
522 2408 558 2438 et
581 2406 658 2440 Pal.
685 2408 723 2440 C.
772 2410 1000 2452 Quapropter
1026 2408 1171 2441 retraxi.
1221 2408 1343 2452 SCH.]

424 2462 455 2483 v.
482 2448 538 2483 28.
590 2451 704 2494 [Unus
729 2466 772 2486 ex
797 2453 1011 2487 Scholiastis
1036 2449 1205 2494 ὄψίνοον.
1255 2454 1301 2486 Et
1325 2453 1376 2486 sie
1399 2454 1479 2488 Pal.
1502 2454 1540 2487 C.
1575 2454 1699 2501 SCH.]

420 2506 453 2527 v.
480 2494 536 2528 29.
588 2497 814 2540 [Hermanno
842 2501 865 2532 Ι.
891 2512 921 2532 c.
950 2510 1017 2531 non
1043 2499 1279 2532 dubitandum
1302 2498 1455 2542 videtur,
1481 2500 1565 2543 quin
1591 2504 1700 2545 poeta

329 2536 487 2582 οἷφῖκται
511 2541 658 2576 dederit.
712 2544 825 2577 Unam
858 2547 992 2578 tantum
1028 2543 1243 2577 solutionem
1265 2556 1332 2588 per
1351 2549 1469 2587 *totum
1494 2557 1640 2580 carmen
1665 2549 1701 2581 et

328 2596 409 2620 eain
433 2585 563 2620 iustam
588 2591 710 2623 extare
737 2601 842 2624 versu
867 2589 923 2622 91.
965 2589 1103 2633 Recepi
1139 2601 1220 2624 cum
1253 2590 1426 2636 Bergkio.
1467 2592 1608 2626 Ibidem
1632 2591 1700 2628 θέ-
