1751 2986
267 146 412 177 LXXXVI

267 239 355 286 τρός
386 241 489 276 θεῶν
513 237 659 284 ἄγαλμα
689 239 837 273 λίθινον
860 239 938 277 τοῖς
969 236 1079 273 ποσὶν
1104 236 1368 282 ἐπερχόμενον,
1398 233 1492 272 ὅθεν
1517 232 1634 272 αὑτὸν

268 301 566 347 συνιδρύσασθαι
595 299 692 347 πρὸς
721 300 768 345 τῇ
793 299 892 346 οἰκίᾳ
914 299 1070 345 Μητρὸς
1098 300 1202 334 θεῶν
1224 299 1289 334 καὶ
1314 297 1442 339 Πανὸς
1465 295 1632 343 ἄγαλμα·

267 362 356 403 τοὺς
387 363 427 397 δὲ
451 363 604 402 πολίτας
633 360 856 405 πέμψαντας
891 359 926 401 ἐς
949 362 1046 396 θεοῦ
1067 360 1334 396 πυνθάνεσθαι
1369 359 1454 406 περὶ
1478 361 1553 395 τῶν
1576 359 1634 395 έκ-

267 424 496 471 βησομένων·
523 422 590 458 τὸν
613 422 653 458 δὲ
671 422 838 457 ἀνειπεῖν
858 421 959 468 ἱερὸν
975 422 1130 469 Μητρὸς
1152 424 1255 458 θεῶν
1275 421 1519 468 ἱδρύσασθαι·
1541 420 1633 462 τούς

268 485 308 521 δὲ
331 483 577 528 ἐκπλαγέντας
610 484 677 519 τὸν
702 485 894 530 Πίνδαρον
926 483 988 519 διὰ
1013 483 1055 520 τὸ
1080 483 1350 531 προειληφέναι
1381 482 1448 518 τὸν
1472 481 1635 528 χρησμὸν

267 545 404 590 ὁμοίως
436 547 487 592 τῷ
513 544 690 592 Πινδάρῳ
722 545 836 580 ἐκεῖσε
860 546 971 590 τιμᾶν
1005 544 1074 589 τὴν
1098 545 1191 581 θεὸν
1215 548 1387 585 τελεταῖς.
1435 545 1635 581 oraculum

266 609 378 654 igitur
410 609 454 642 de
477 611 555 643 solo
581 609 741 654 Magnae
764 607 896 642 Matris
927 608 1078 642 delubro
1102 609 1288 643 admonet:
1327 606 1454 649 Panis,
1478 603 1636 652 Ματρὸς

267 669 446 714 Msyokzag
477 668 646 709 ὀπαδοῦ,
679 668 826 713 ἄγαλμα
857 669 966 703 simul
1000 672 1206 705 dedicatum
1239 670 1283 704 iri
1317 672 1442 714 sponte
1474 669 1635 712 patebat.

265 731 389 775 Neque
420 733 618 766 Pausanias
650 732 845 776 quidquam
876 732 920 765 de
953 732 1073 776 aliquo
1096 732 1205 766 Panis
1235 732 1405 774 delubro,
1441 732 1535 774 quod
1558 731 1638 775 qui-

267 794 352 827 dam
376 796 569 829 commenti
592 798 692 828 sunt:
718 794 851 827 Dircen
868 798 1114 840 transgressus
1137 794 1227 827 vidit
1249 793 1370 826 ruinas
1395 794 1540 827 aedium
1550 793 1637 827 Pin-

267 855 346 889 dari
360 859 394 890 et
410 856 535 890 matris
549 857 799 901 Dindymenae
822 857 1007 896 sacellum,
1033 855 1133 888 cuius
1147 858 1306 888 statuam
1325 855 1415 889 deae
1440 866 1462 888 a
1480 855 1636 889 Pindaro

266 921 390 951 votam
414 919 642 952 confecerant
658 918 901 951 Aristomedes
925 921 960 951 et
979 917 1146 951 Socrates
1166 917 1348 958 Thebani,
1369 917 1474 951 Paus.
1494 917 1559 959 lx,
1578 916 1636 951 25.

354 979 513 1013 Piissimi
537 984 666 1024 poetae
691 990 854 1013 amorem
878 980 954 1013 Pan
990 980 1068 1024 ipse
1093 979 1271 1013 miraculo
1296 979 1453 1022 quodam
1476 978 1637 1013 Pindaro

265 1044 440 1074 ostentato
465 1043 666 1075 luculenter
695 1041 896 1085 prodidisse
919 1042 1045 1075 fertur.
1102 1042 1244 1085 Quippe
1276 1044 1486 1084 conspectus
1510 1040 1639 1075 dicitur

264 1101 343 1135 Pan
373 1102 466 1136 inter
490 1104 745 1137 Cithaeronem
779 1108 813 1137 et
845 1104 1080 1146 Heliconem,
1118 1115 1200 1136 cum
1231 1113 1375 1146 paeana
1397 1102 1544 1136 Pindari
1577 1103 1639 1137 vel

265 1163 367 1197 aliud
400 1165 520 1199 nescio
546 1166 641 1209 quod
674 1177 818 1199 carmen
844 1169 1015 1199 cantaret.
1069 1166 1188 1209 Quem
1221 1165 1398 1198 honorem
1422 1167 1530 1208 poeta
1555 1175 1638 1199 car-

263 1224 361 1258 mine
393 1225 430 1259 in
453 1227 590 1260 Panem
625 1228 824 1273 composito
856 1231 1103 1261 remuneratus
1128 1226 1296 1260 creditur.
1353 1225 1502 1260 Initium
1523 1229 1639 1261 exstat

263 1285 435 1320 Parthen.
469 1287 516 1320 fr.
550 1288 604 1329 2.,
641 1290 734 1332 quod
767 1301 912 1323 carmen
945 1300 967 1323 a
1002 1287 1252 1333 grammaticis
1284 1287 1376 1321 inter
1409 1285 1456 1322 τὰ
1490 1299 1638 1334 κεχωρι-

265 1346 380 1391 σμένα
402 1349 476 1383 τῶν
502 1351 727 1395 Παρθενίων
752 1353 907 1384 relatum
931 1349 1018 1383 fuit:

347 1405 393 1445 ’Ὠ
418 1409 504 1446 Πὰν
525 1411 712 1457 Ἀρκαδίας
734 1411 877 1454 μεδέων
901 1411 965 1446 καὶ
990 1412 1134 1453 σεμνῶν
1157 1407 1308 1446 ἀδύτων
1332 1411 1466 1456 φύλαξ,

353 1472 509 1519 Μάτρός
534 1471 710 1517 Μεγάλας
735 1469 897 1512 όπαδός,
923 1471 1040 1516 ἆγνᾶν
1064 1473 1236 1518 Χαρίτων
1259 1472 1403 1518 μέλημα
1426 1472 1599 1519 τερπνόν.

265 1535 447 1578 Compara
472 1536 638 1568 Eustath.
657 1533 713 1566 27.
740 1546 774 1577 p.
797 1533 852 1566 18.
875 1534 1018 1570 Vratisl.
1043 1548 1078 1578 p.
1103 1534 1136 1568 9.
1160 1536 1267 1569 Metr.
1293 1534 1349 1568 19.
1376 1539 1411 1569 et
1435 1546 1526 1578 quae
1551 1546 1637 1568 con-

263 1595 376 1639 gessit
399 1596 674 1630 Boeckhius
703 1596 891 1640 Fragmm.
929 1608 962 1639 p.
990 1595 1057 1629 591
1083 1608 1158 1640 seq.
1213 1596 1308 1630 Mihi
1333 1597 1402 1631 ista
1438 1601 1472 1630 et
1497 1609 1538 1631 ex
1561 1597 1638 1642 Py-

262 1657 425 1691 thiorum
458 1659 537 1692 loco
571 1662 605 1691 et
646 1669 691 1691 ex
722 1657 919 1690 Parthenio
951 1658 1013 1691 illo
1047 1660 1094 1692 ad
1134 1660 1340 1704 augendam
1377 1658 1504 1702 optimi
1542 1658 1638 1692 vatis

263 1720 422 1764 gloriam
456 1732 478 1754 a
514 1719 763 1766 grammaticis
799 1719 953 1753 conficta
987 1723 1021 1753 et
1054 1720 1237 1765 ingeniose
1271 1721 1425 1755 conficta
1457 1721 1637 1755 videntur.

264 1782 433 1816 Ceterum
469 1783 501 1816 si
524 1783 670 1816 credere
703 1782 828 1815 liceret
860 1782 1119 1816 hereditarium
1151 1784 1330 1826 quendam
1363 1782 1526 1817 familiae
1550 1782 1638 1816 Pin-

263 1844 408 1878 daricae
441 1847 579 1879 cultum
609 1845 714 1878 illum
744 1844 877 1885 fuisse,
909 1845 1128 1878 haberemus
1159 1845 1252 1878 unde
1287 1844 1456 1878 tibiarum
1492 1843 1638 1888 potissi-

261 1917 362 1940 mum
397 1907 555 1941 studium
587 1907 863 1950 explicaremus
922 1906 1015 1940 Nam
1048 1907 1116 1940 ista
1149 1907 1297 1940 numina
1332 1918 1375 1940 ex
1402 1906 1568 1951 Phrygia
1599 1905 1637 1940 in

263 1966 458 2000 Graeciam
483 1969 636 2002 advecta
660 1968 832 2002 tibiarum
857 1972 980 2002 cantus
1002 1980 1124 2001 secum
1149 1970 1354 2002 attulerant.
1402 1968 1448 2000 Et
1475 1966 1511 2000 in
1535 1968 1637 2001 aule-

261 2028 334 2062 tica
367 2033 445 2062 arte
479 2034 610 2073 quanto
644 2042 755 2075 opere
793 2030 921 2064 Boeoti
954 2029 1195 2074 praestiterint
1225 2028 1574 2074 reliquisuGraeciQ
1605 2028 1638 2062 si

265 2090 424 2135 excipias
449 2092 617 2137 Argivos,
641 2094 899 2137 pervulgatum
924 2095 988 2125 est.

353 2153 504 2186 Praeter
537 2154 715 2198 Magnam
738 2155 897 2188 Matrem
928 2153 1008 2187 Iovi
1031 2153 1199 2187 Ammoni
1223 2165 1245 2188 a
1281 2156 1389 2199 gente
1412 2151 1636 2198 Aegidarum

260 2212 451 2258 insigniter
474 2216 569 2248 culto
596 2215 783 2248 dedicarat
808 2219 965 2249 statuam
991 2225 1013 2248 a
1038 2215 1226 2248 Calamide
1250 2214 1413 2258 factam,
1437 2215 1637 2258 Paus..1x‚

259 2273 316 2316 16,
340 2273 373 2306 1.
429 2275 531 2308 Idem
562 2276 759 2309 Ammoniis
784 2277 924 2321 Libyae
958 2277 1057 2311 misit
1079 2278 1258 2322 hymnum
1288 2277 1323 2311 in
1347 2278 1495 2319 Iovem,
1528 2288 1636 2320 quem

263 2335 350 2369 vidit
382 2336 584 2370 Pausanias
621 2338 657 2371 in
695 2340 863 2371 columna
897 2338 1063 2385 τριγώνῳ
1095 2340 1194 2373 iuxta
1229 2349 1331 2372 aram
1372 2349 1394 2371 a
1426 2338 1636 2372 Ptolemaeo

260 2397 351 2442 Lagi
376 2398 442 2430 deo
464 2403 665 2441 sacratam,
703 2401 726 2433 l.
753 2411 783 2432 c.
842 2399 897 2432 Cf.
924 2401 1058 2444 Hymn.
1086 2399 1132 2432 fr.
1156 2399 1190 2431 7.
1225 2400 1307 2433 coll.
1332 2399 1534 2433 Boeckh.
1562 2399 1636 2433 Oe-

261 2471 337 2492 con.
364 2460 446 2493 Ath.
472 2460 517 2493 ΙΙ.
551 2473 585 2504 p.
611 2461 690 2494 258.
723 2461 954 2494 Muelleri
981 2461 1152 2494 Orchom.
1178 2472 1213 2504 p.
1239 2459 1317 2494 358.
1376 2462 1431 2495 De
1455 2461 1637 2506 singulari

258 2521 443 2557 Ammonis
468 2522 565 2556 lovis
595 2523 744 2566 favore,
777 2534 884 2566 quem
914 2524 979 2556 sub
1003 2523 1115 2556 finem
1138 2523 1236 2556 vitae
1267 2526 1433 2566 expertus
1457 2522 1636 2558 Pindarus

259 2583 399 2626 dieitur,
418 2584 514 2619 infra
527 2585 801 2629 disputavimus.
826 2585 987 2628 Denique
1005 2585 1142 2619 Thebis
1154 2584 1358 2628 Apollinem
1375 2583 1636 2618 Boedromium

260 2651 296 2681 et
320 2647 544 2681 Mercurium
567 2645 752 2693 Ἀγοραῖον
777 2650 973 2690 statuerat,
998 2648 1105 2681 Paus.
1125 2648 1188 2690 lx,
1210 2646 1266 2689 17,
1289 2647 1335 2690 1.,
1360 2648 1441 2681 coll.
1465 2646 1636 2681 Eustath·

260 2707 317 2741 27.
344 2721 378 2752 p.
405 2709 461 2743 17.
522 2709 632 2743 Cuius
656 2710 772 2744 verba
804 2710 897 2744 haec
920 2713 1020 2745 sunt:
1062 2708 1136 2745 Διά
1162 2709 1204 2745 τὰ
1230 2708 1415 2754 θεοφιλὴς
1439 2707 1547 2752 δόξαι
1573 2707 1637 2744 καὶ
