1794 2982
357 130 439 169 340
829 126 1194 166 EXCURSUS
1229 127 1261 166 Ι.

361 244 443 267 cum
467 229 714 265 Boeckhio
737 242 866 264 verum
891 232 1010 265 habeo
1036 233 1171 265 luctam
1195 231 1360 264 ultimam
1384 230 1495 264 fuisse
1528 231 1565 264 in
1590 232 1729 276 ordine,

360 305 475 337 neque
501 293 645 324 obstare
671 295 756 335 puto
778 293 965 325 Pausan.
986 294 1048 335 111,
1062 293 1095 334 6,
1108 292 1156 335 9.,
1182 304 1287 336 quem
1313 294 1431 325 locum
1457 292 1731 327 Boeckhius

361 355 494 398 optime
520 353 686 395 explicat.
721 355 819 387 Idem
844 355 1032 397 perspicue
1057 354 1175 387 docuit
1206 356 1337 387 saltum
1363 355 1519 396 primum
1550 358 1732 388 certamen

360 416 484 450 fuisse.
533 415 605 447 Sed
630 415 724 456 apud
753 415 1104 457 Xenophontem
1131 416 1223 449 Hist.
1251 416 1311 448 Gr.
1332 416 1407 456 vll,
1431 414 1465 456 4,
1490 415 1546 447 29.
1574 427 1642 448 non
1666 416 1733 448 du-

359 477 548 511 bitandum
573 476 662 508 mihi
689 476 831 508 videtur
863 476 1009 519 πάλην,
1044 489 1135 520 quae
1160 478 1211 510 ibi
1238 477 1376 517 dicitur,
1402 475 1617 518 quinquertii
1641 487 1730 518 esse,

360 540 455 572 unde
471 539 584 580 liquet
601 536 644 570 τοὶ
667 535 823 579 δρομικὰ
844 539 910 571 τοῦ
926 538 1140 573 πεντάθλου
1166 537 1413 572 antecedentia
1431 537 1627 570 certamina
1643 549 1731 571 esse.

360 601 439 634 Iam
458 601 487 632 si
505 601 600 632 hunc
620 599 782 631 ordinem
801 600 918 642 ponis:
945 596 1052 642 ἅλμα,
1071 600 1293 640 ποδωκείην,
1311 599 1448 639 δίσκον,
1467 594 1617 640 ἄκοντα,
1634 599 1732 632 dices

362 661 510 706 proprie
546 658 641 702 ἅλμα
675 666 709 693 et
736 663 947 703 ποὸωκείην
972 673 1049 693 esse
1076 659 1121 694 τὰ
1147 658 1331 704 δρομικοὶ,
1354 660 1537 702 sequentia
1571 660 1641 693 duo
1673 661 1733 693 vel

364 723 641 768 praetermissa,
669 723 761 765 quod
787 734 898 767 aegre
924 723 1138 763 concedam,
1163 723 1223 754 vel
1248 722 1508 763 comprehensa
1533 722 1733 764 δρομικοῒς,

362 785 441 817 sive
466 785 560 827 quod
597 784 772 827 dignitate
797 785 936 818 minora
962 788 1081 824 erant,
1112 783 1190 816 sive
1228 783 1322 825 quod
1346 782 1405 814 hic
1430 787 1506 814 tum
1532 783 1619 816 ordo
1643 781 1731 816 fuit:

364 843 474 886 ἅλμα,
487 846 622 883 δίσκος,
639 843 747 884 ἄκων,
770 846 915 890 δρόμος,
928 858 1031 889 quem
1055 846 1162 879 etiam
1178 849 1340 877 veterum
1361 845 1479 886 plures
1498 843 1732 880 tradiderunt.

363 907 459 941 Mihi
483 906 627 949 quidem
653 919 720 939 non
748 907 988 951 improbabile
1016 908 1157 940 videtur
1181 906 1289 939 etiam
1316 906 1385 938 hoc
1410 906 1532 938 ordine
1555 905 1733 938 interdum

366 973 553 1008 certatum,
579 968 644 1000 etsi
670 969 875 1013 legitimum
899 971 1057 1002 habeam
1085 980 1178 1009 eum,
1204 978 1309 1010 quem
1327 967 1531 1001 Simonides
1554 967 1735 1000 refert.--

364 1030 504 1070 Restat,
531 1033 568 1062 ut
595 1030 638 1062 de
665 1032 916 1073 pancratio
942 1032 1071 1064 dicam.
1117 1028 1385 1062 Pancratiastae
1409 1029 1619 1070 plerumque
1643 1038 1733 1071 pau-

367 1091 485 1123 ciores
510 1091 666 1131 fuerunt,
692 1102 746 1132 ac,
773 1092 802 1124 si
825 1092 962 1124 nonnisi
987 1103 1093 1124 unum
1114 1094 1175 1122 aut
1199 1089 1334 1131 aliquot
1353 1089 1455 1131 paria
1480 1090 1639 1130 aderant,
1662 1100 1733 1122 uno

365 1151 423 1184 die
447 1164 525 1184 rem
552 1153 755 1185 absolutam
782 1154 920 1194 credas,
945 1153 997 1185 sin
1015 1155 1129 1196 plura,
1157 1151 1228 1184 alio
1254 1150 1311 1183 die
1335 1150 1503 1191 victores,
1527 1150 1587 1192 qui
1607 1161 1733 1183 evase-

366 1217 460 1253 rant,
487 1213 577 1245 inter
602 1225 640 1245 se
667 1219 848 1247 certarunt
873 1218 933 1247 aut
959 1227 1039 1247 cum
1061 1212 1213 1257 ἔφέδρφ.
1239 1212 1324 1244 Inde
1349 1210 1566 1252 abOl.l45.,
1592 1216 1630 1245 ut
1652 1224 1734 1245 cum

365 1275 549 1308 Pausania
578 1275 755 1308 Eusebius
781 1277 911 1317 tradit,
949 1277 1057 1310 etiam
1090 1285 1282 1317 puerorum
1314 1268 1539 1315 pancratium
1570 1273 1734 1315 ascitum,

368 1339 621 1379 certaruntque
648 1338 748 1380 pueri
783 1340 841 1371 vel
867 1343 947 1381 post
972 1338 1071 1371 viros
1095 1336 1222 1370 iisdem
1248 1335 1374 1367 diebus
1408 1336 1465 1368 vel
1489 1335 1560 1367 alio
1585 1335 1642 1368 die
1665 1335 1734 1369 viri

365 1409 509 1438 omnes,
545 1399 617 1431 alio
648 1399 761 1441 pueriv
818 1401 984 1433 Ceterum
1021 1403 1196 1432 mutatum
1224 1408 1300 1429 esse
1335 1396 1495 1429 ordinem
1529 1397 1735 1441 legitimum

366 1471 487 1492 rerum
506 1460 552 1492 ab
570 1461 818 1493 Hellanodicis
841 1461 1019 1494 interdum
1048 1461 1154 1493 etiam
1183 1459 1393 1491 certantium
1419 1462 1549 1501 rogatu
1572 1461 1670 1500 patet
1692 1469 1735 1490 ex

366 1520 555 1554 Pausan.
589 1522 656 1562 vl,
691 1521 755 1563 15,
788 1523 821 1555 3.
882 1524 1002 1565 Quum
1037 1522 1092 1554 Ol.
1126 1519 1203 1553 141.
1237 1521 1355 1563 Caper
1393 1521 1504 1568 Eleus‘
1532 1520 1628 1552 lucta
1661 1519 1735 1552 iam

365 1581 511 1615 vicisset
547 1584 744 1625 eodemque
789 1584 846 1616 die
880 1584 989 1616 etiam
1023 1583 1210 1626 pancratio
1242 1587 1380 1614 certare
1411 1584 1579 1624 cuperet,
1623 1581 1736 1613 Clito-

365 1644 518 1676 machus
553 1645 796 1686 pancratiasta
833 1650 867 1678 et
891 1645 992 1689 pugil
1019 1645 1106 1677 adiit
1131 1643 1405 1681 llellanodicas,
1438 1646 1477 1675 ut
1510 1641 1735 1684 pancratium

367 1708 551 1746 vocarent,
577 1709 768 1748 antequam
793 1707 870 1749 ipse
896 1708 1047 1738 vulnera
1069 1705 1231 1749 pugilatu
1258 1703 1465 1747 accepisset.
1496 1703 1555 1736 Sic
1581 1714 1735 1746 pancra-

364 1766 454 1799 tium
490 1778 532 1799 eo
567 1767 623 1799 die
656 1766 724 1799 fuit
757 1768 847 1800 iuter
880 1769 1012 1800 luctam
1046 1770 1080 1799 et
1111 1765 1337 1809 pugilatum,
1371 1764 1431 1807 qui
1462 1764 1577 1807 potuit
1610 1765 1737 1798 tertius

365 1829 534 1861 ludorum
569 1829 645 1860 dies
681 1840 758 1861 esse
784 1841 826 1861 ex
852 1832 971 1861 nostra
997 1827 1248 1870 descriptione.
1306 1826 1357 1858 Ac
1383 1827 1500 1868 Caper
1525 1827 1652 1858 eodem
1677 1826 1734 1859 die

365 1891 484 1923 luctae
511 1894 546 1923 et
571 1891 747 1932 pancratii
771 1890 887 1922 victor
912 1889 1055 1929 exstitit,
1091 1892 1129 1921 ut
1155 1888 1225 1921 alio
1249 1892 1410 1930 tempore
1435 1887 1555 1919 Strato
1578 1886 1736 1930 Aegien-

369 1951 436 1993 sis,
471 1953 664 1984 Pausan.
690 1951 771 1992 ΥΠ,
795 1950 852 1990 23,
878 1949 910 1983 5.
962 1950 1116 1983 Omnino
1150 1950 1221 1982 iam
1243 1954 1357 1992 'supra
1391 1947 1513 1988 monui
1535 1947 1735 1990 iterumque

365 2016 492 2056 repeto
512 2013 715 2046 necessario
735 2013 780 2045 ab
798 2012 1045 2045 Hellanodicis
1066 2012 1099 2044 in
1119 2012 1284 2056 legitima
1304 2009 1539 2052 descriptione
1559 2013 1734 2042 mutatum

366 2086 443 2108 esse
479 2087 571 2107 nunc
604 2076 673 2108 hoc
707 2086 799 2107 nunc
830 2073 920 2106 illud
954 2085 1019 2117 pro
1060 2073 1198 2106 ratione
1231 2071 1404 2115 temporis
1445 2075 1480 2103 et
1512 2070 1735 2113 certantium,

365 2147 477 2179 quare
502 2148 545 2169 ne
570 2137 659 2169 illud
686 2136 830 2178 quidem
856 2135 1084 2179 negaverim,
1121 2136 1151 2167 si
1179 2134 1256 2177 quis
1290 2131 1515 2176 pancratium
1538 2130 1638 2163 initio
1663 2130 1735 2165 diei

367 2208 389 2231 a
413 2210 471 2230 me
496 2199 652 2241 positum
677 2198 853 2230 interdum
879 2201 959 2239 post
979 2197 1181 2241 pugilatum
1201 2197 1415 2228 collocatum
1436 2197 1590 2234 censeat,
1612 2196 1734 2225 tamen

365 2259 570 2303 legitimum
596 2271 664 2291 non
690 2260 796 2291 credo
823 2259 916 2291 hunc
940 2258 1114 2299 ordinem,
1140 2269 1247 2300 quum
1262 2256 1461 2289 Pausanias
1478 2255 1511 2288 in
1529 2256 1609 2287 loco
1626 2265 1735 2297 supra

369 2321 479 2353 allato
503 2322 548 2353 dc
576 2320 773 2354 mutatione
799 2320 854 2353 Ol.
877 2319 933 2352 77.
961 2320 1057 2352 facta
1082 2321 1231 2363 loquens
1255 2318 1417 2351 ordinem
1440 2316 1598 2360 priscum
1623 2328 1735 2359 gene—

366 2392 449 2414 rum
472 2386 647 2415 mutatum
672 2383 768 2414 nullo
795 2382 906 2414 verbo
933 2381 1124 2425 significet,
1149 2381 1242 2424 quod
1263 2379 1374 2413 teneri
1393 2379 1499 2421 cupio
1525 2378 1569 2411 ab
1595 2377 1734 2421 iisfqui

367 2442 538 2476 iudicium
575 2442 691 2475 ferent
725 2443 769 2474 de
803 2442 1039 2484 descriptione
1072 2448 1203 2475 nostra.
1260 2443 1446 2474 Postremo
1480 2443 1517 2472 ut
1549 2439 1658 2472 etiam
1689 2440 1734 2473 de

369 2502 574 2537 Luciani
599 2505 678 2536 loco
698 2503 839 2536 Timon.
857 2514 886 2534 c.
905 2502 958 2534 50.
979 2503 1115 2536 dicam:
1141 2504 1304 2546 νενίκηκε
1327 2501 1365 2535 δὲ
1387 2500 1550 2545 (Τίμων)
1570 2500 1644 2542 πύξ
1669 2500 1734 2535 καὶ

368 2565 493 2609 πάλην
514 2565 577 2600 καὶ
597 2565 738 2610 δρόμον
768 2564 806 2597 ἐν
826 2562 1007 2608 Ὀλυμπίᾳ
1030 2566 1116 2607 μιᾶς
1144 2563 1279 2606 ἡμέρας
1299 2563 1360 2597 καὶ
1377 2565 1499 2608 τελείῳ
1517 2561 1653 2609 ἅρματι
1670 2560 1734 2596 καὶ

365 2629 540 2674 συνωρίδι
560 2629 716 2674 πωλικῇ,
731 2630 810 2659 sunt
826 2627 919 2659 haec
941 2625 1082 2669 ineptae
1102 2625 1311 2666 blanditiae,
1329 2635 1416 2668 quas
1428 2624 1544 2658 sciens
1563 2623 1734 2659 mentitur

367 2689 524 2732 Demea,
548 2692 587 2723 ut
611 2689 698 2724 satis
721 2693 756 2724 te
780 2688 857 2733 ipse
883 2689 983 2722 locus
1007 2687 1189 2730 inspectus
1212 2686 1367 2721 docebit.
