<?xml version="1.0" encoding="UTF-8"?>
<!DOCTYPE html PUBLIC "-//W3C//DTD XHTML 1.0 Transitional//EN"
    "http://www.w3.org/TR/xhtml1/DTD/xhtml1-transitional.dtd">
<html xmlns="http://www.w3.org/1999/xhtml" xml:lang="en" lang="en">
 <head>
  <title>
</title>
<meta http-equiv="Content-Type" content="text/html;charset=utf-8" />
  <meta name='ocr-system' content='tesseract 3.04.00' />
  <meta name='ocr-capabilities' content='ocr_page ocr_carea ocr_par ocr_line ocrx_word'/>
</head>
<body>
  <div class='ocr_page' id='page_1' title='image "./carminaquaesuper01pinduoft_0033.png"; bbox 0 0 1751 2986; ppageno 0'>
   <div class='ocr_carea' id='block_1_1' title="bbox 1346 128 1426 156">
    <p class='ocr_par' dir='ltr' id='par_1_1' title="bbox 1346 128 1426 156">
     <span class='ocr_line' id='line_1_1' title="bbox 1346 128 1426 156; baseline 0.013 -1"><span class='ocrx_word' id='word_1_1' title='bbox 1346 128 1426 156; x_wconf 84' lang='lat' dir='ltr'><strong>xvn</strong></span> 
     </span>
    </p>
   </div>
   <div class='ocr_carea' id='block_1_2' title="bbox 27 219 1428 2659">
    <p class='ocr_par' dir='ltr' id='par_1_2' title="bbox 27 219 1428 1615">
     <span class='ocr_line' id='line_1_2' title="bbox 63 219 1428 265; baseline 0 -10"><span class='ocrx_word' id='word_1_2' title='bbox 63 224 161 255; x_wconf 87' lang='lat' dir='ltr'><strong>metu</strong></span> <span class='ocrx_word' id='word_1_3' title='bbox 185 220 440 265; x_wconf 80' lang='lat' dir='ltr'>periculorum,</span> <span class='ocrx_word' id='word_1_4' title='bbox 465 223 504 254; x_wconf 90' lang='lat' dir='ltr'><strong>ut</strong></span> <span class='ocrx_word' id='word_1_5' title='bbox 527 224 675 264; x_wconf 87' lang='lat' dir='ltr'><strong>propter</strong></span> <span class='ocrx_word' id='word_1_6' title='bbox 700 220 820 254; x_wconf 87' lang='lat' dir='ltr'><strong>hostes</strong></span> <span class='ocrx_word' id='word_1_7' title='bbox 833 219 890 253; x_wconf 84' lang='grc'><strong>01.</strong></span> <span class='ocrx_word' id='word_1_8' title='bbox 909 219 1000 253; x_wconf 73' lang='lat' dir='ltr'><strong>vlu.</strong></span> <span class='ocrx_word' id='word_1_9' title='bbox 1021 219 1083 253; x_wconf 88' lang='lat' dir='ltr'><strong>fin.</strong></span> <span class='ocrx_word' id='word_1_10' title='bbox 1108 220 1216 265; x_wconf 82' lang='lat' dir='ltr'><strong>Pyth.</strong></span> <span class='ocrx_word' id='word_1_11' title='bbox 1235 220 1329 255; x_wconf 83' lang='lat' dir='ltr'><strong>vm.</strong></span> <span class='ocrx_word' id='word_1_12' title='bbox 1347 222 1428 264; x_wconf 89' lang='lat' dir='ltr'><strong>fin.‚</strong></span> 
     </span>
     <span class='ocr_line' id='line_1_3' title="bbox 63 280 1428 327; baseline 0.001 -11"><span class='ocrx_word' id='word_1_13' title='bbox 63 292 132 326; x_wconf 87' lang='lat' dir='ltr'><strong>quo</strong></span> <span class='ocrx_word' id='word_1_14' title='bbox 163 282 273 316; x_wconf 87' lang='lat' dir='ltr'><strong>etiam</strong></span> <span class='ocrx_word' id='word_1_15' title='bbox 304 282 519 327; x_wconf 77' lang='lat' dir='ltr'><strong>supplicatio</strong></span> <span class='ocrx_word' id='word_1_16' title='bbox 551 281 706 326; x_wconf 83' lang='lat' dir='ltr'><strong>pertinet</strong></span> <span class='ocrx_word' id='word_1_17' title='bbox 729 280 831 314; x_wconf 78' lang='lat' dir='ltr'><strong>Nem.</strong></span> <span class='ocrx_word' id='word_1_18' title='bbox 849 281 942 323; x_wconf 70' lang='lat' dir='ltr'><strong>vm,</strong></span> <span class='ocrx_word' id='word_1_19' title='bbox 961 280 1038 323; x_wconf 60' lang='lat'><strong>12„</strong></span> <span class='ocrx_word' id='word_1_20' title='bbox 1073 286 1136 316; x_wconf 88' lang='lat' dir='ltr'><strong>aut</strong></span> <span class='ocrx_word' id='word_1_21' title='bbox 1158 293 1267 326; x_wconf 89' lang='lat' dir='ltr'><strong>quum</strong></span> <span class='ocrx_word' id='word_1_22' title='bbox 1290 282 1428 317; x_wconf 72' lang='lat' dir='ltr'><strong>invidIa</strong></span> 
     </span>
     <span class='ocr_line' id='line_1_4' title="bbox 61 340 1427 388; baseline 0.001 -11"><span class='ocrx_word' id='word_1_23' title='bbox 61 344 204 377; x_wconf 86' lang='lat' dir='ltr'><strong>laborat</strong></span> <span class='ocrx_word' id='word_1_24' title='bbox 228 344 356 386; x_wconf 83' lang='lat' dir='ltr'><strong>victor,</strong></span> <span class='ocrx_word' id='word_1_25' title='bbox 381 348 420 377; x_wconf 89' lang='lat' dir='ltr'><strong>ut</strong></span> <span class='ocrx_word' id='word_1_26' title='bbox 442 343 498 376; x_wconf 88' lang='lat'><strong>01.</strong></span> <span class='ocrx_word' id='word_1_27' title='bbox 518 343 575 384; x_wconf 76' lang='lat' dir='ltr'><strong>vl,</strong></span> <span class='ocrx_word' id='word_1_28' title='bbox 593 341 670 374; x_wconf 76' lang='lat'><strong>102.</strong></span> <span class='ocrx_word' id='word_1_29' title='bbox 696 341 772 382; x_wconf 78' lang='lat' dir='ltr'><strong>Vll,</strong></span> <span class='ocrx_word' id='word_1_30' title='bbox 789 340 844 374; x_wconf 75' lang='lat'><strong>87.</strong></span> <span class='ocrx_word' id='word_1_31' title='bbox 869 341 971 375; x_wconf 81' lang='lat' dir='ltr'><strong>Nem.</strong></span> <span class='ocrx_word' id='word_1_32' title='bbox 990 343 1066 386; x_wconf 80' lang='lat' dir='ltr'><strong>vu,</strong></span> <span class='ocrx_word' id='word_1_33' title='bbox 1086 342 1132 377; x_wconf 83' lang='lat'><strong>80</strong></span> <span class='ocrx_word' id='word_1_34' title='bbox 1146 354 1243 388; x_wconf 83' lang='lat' dir='ltr'>seqq.</span> <span class='ocrx_word' id='word_1_35' title='bbox 1267 345 1427 388; x_wconf 91' lang='lat' dir='ltr'><strong>splendi—</strong></span> 
     </span>
     <span class='ocr_line' id='line_1_5' title="bbox 61 393 1426 448; baseline 0.002 -11"><span class='ocrx_word' id='word_1_36' title='bbox 61 393 208 439; x_wconf 88' lang='lat' dir='ltr'><strong>dissimo</strong></span> <span class='ocrx_word' id='word_1_37' title='bbox 232 406 324 448; x_wconf 88' lang='lat' dir='ltr'><strong>loco,</strong></span> <span class='ocrx_word' id='word_1_38' title='bbox 349 405 500 447; x_wconf 89' lang='lat' dir='ltr'><strong>denique</strong></span> <span class='ocrx_word' id='word_1_39' title='bbox 523 403 558 436; x_wconf 92' lang='lat' dir='ltr'><strong>in</strong></span> <span class='ocrx_word' id='word_1_40' title='bbox 583 403 701 436; x_wconf 89' lang='lat' dir='ltr'><strong>reditu</strong></span> <span class='ocrx_word' id='word_1_41' title='bbox 726 414 790 446; x_wconf 89' lang='lat' dir='ltr'><strong>per</strong></span> <span class='ocrx_word' id='word_1_42' title='bbox 814 415 915 437; x_wconf 88' lang='lat' dir='ltr'><strong>mare</strong></span> <span class='ocrx_word' id='word_1_43' title='bbox 941 404 997 438; x_wconf 92' lang='lat' dir='ltr'><strong>Ol.</strong></span> <span class='ocrx_word' id='word_1_44' title='bbox 1015 405 1070 438; x_wconf 85' lang='lat' dir='ltr'><strong>VI.</strong></span> <span class='ocrx_word' id='word_1_45' title='bbox 1097 405 1158 438; x_wconf 89' lang='lat' dir='ltr'><strong>fin.</strong></span> <span class='ocrx_word' id='word_1_46' title='bbox 1206 405 1282 439; x_wconf 84' lang='lat' dir='ltr'><strong>Nec</strong></span> <span class='ocrx_word' id='word_1_47' title='bbox 1305 405 1426 440; x_wconf 88' lang='lat' dir='ltr'><strong>minus</strong></span> 
     </span>
     <span class='ocr_line' id='line_1_6' title="bbox 61 465 1426 510; baseline 0.003 -12"><span class='ocrx_word' id='word_1_48' title='bbox 61 470 168 509; x_wconf 89' lang='lat' dir='ltr'><strong>aptae</strong></span> <span class='ocrx_word' id='word_1_49' title='bbox 192 477 318 510; x_wconf 81' lang='lat' dir='ltr'><strong>preces</strong></span> <span class='ocrx_word' id='word_1_50' title='bbox 342 466 397 500; x_wconf 92' lang='grc' dir='ltr'><strong>ΟΙ.</strong></span> <span class='ocrx_word' id='word_1_51' title='bbox 414 466 461 508; x_wconf 84' lang='grc'><strong>11,</strong></span> <span class='ocrx_word' id='word_1_52' title='bbox 478 465 533 497; x_wconf 84' lang='lat'><strong>12.</strong></span> <span class='ocrx_word' id='word_1_53' title='bbox 561 476 625 508; x_wconf 87' lang='lat' dir='ltr'><strong>pro</strong></span> <span class='ocrx_word' id='word_1_54' title='bbox 643 465 866 498; x_wconf 85' lang='lat' dir='ltr'><strong>Emmenidis</strong></span> <span class='ocrx_word' id='word_1_55' title='bbox 890 477 1004 510; x_wconf 81' lang='lat' dir='ltr'><strong>nuper</strong></span> <span class='ocrx_word' id='word_1_56' title='bbox 1032 467 1069 500; x_wconf 89' lang='lat' dir='ltr'><strong>in</strong></span> <span class='ocrx_word' id='word_1_57' title='bbox 1093 467 1284 501; x_wconf 79' lang='lat' dir='ltr'><strong>discrimen</strong></span> <span class='ocrx_word' id='word_1_58' title='bbox 1310 469 1426 502; x_wconf 86' lang='lat' dir='ltr'><strong>addu-</strong></span> 
     </span>
     <span class='ocr_line' id='line_1_7' title="bbox 60 525 1425 572; baseline 0.003 -14"><span class='ocrx_word' id='word_1_59' title='bbox 60 525 138 566; x_wconf 82' lang='lat' dir='ltr'><strong>ctis,</strong></span> <span class='ocrx_word' id='word_1_60' title='bbox 162 537 280 569; x_wconf 89' lang='lat' dir='ltr'><strong>porro·</strong></span> <span class='ocrx_word' id='word_1_61' title='bbox 295 526 403 570; x_wconf 79' lang='lat' dir='ltr'><strong>Pyth.</strong></span> <span class='ocrx_word' id='word_1_62' title='bbox 425 527 453 569; x_wconf 86' lang='grc' dir='ltr'><strong>Ι,</strong></span> <span class='ocrx_word' id='word_1_63' title='bbox 471 526 527 559; x_wconf 75' lang='grc'><strong>29.</strong></span> <span class='ocrx_word' id='word_1_64' title='bbox 548 526 618 567; x_wconf 78' lang='grc'><strong>39.,</strong></span> <span class='ocrx_word' id='word_1_65' title='bbox 643 530 678 559; x_wconf 86' lang='lat' dir='ltr'><strong>et</strong></span> <span class='ocrx_word' id='word_1_66' title='bbox 701 526 802 560; x_wconf 75' lang='lat' dir='ltr'><strong>Nem.</strong></span> <span class='ocrx_word' id='word_1_67' title='bbox 823 528 884 568; x_wconf 81' lang='lat' dir='ltr'><strong>lx,</strong></span> <span class='ocrx_word' id='word_1_68' title='bbox 903 527 957 561; x_wconf 78' lang='lat'><strong>28.</strong></span> <span class='ocrx_word' id='word_1_69' title='bbox 980 539 1044 572; x_wconf 92' lang='lat' dir='ltr'><strong>pro</strong></span> <span class='ocrx_word' id='word_1_70' title='bbox 1064 529 1176 563; x_wconf 80' lang='lat' dir='ltr'><strong>Aetna</strong></span> <span class='ocrx_word' id='word_1_71' title='bbox 1193 529 1283 562; x_wconf 88' lang='lat' dir='ltr'><strong>urbe</strong></span> <span class='ocrx_word' id='word_1_72' title='bbox 1299 540 1425 563; x_wconf 91' lang='lat' dir='ltr'><strong>recens</strong></span> 
     </span>
     <span class='ocr_line' id='line_1_8' title="bbox 60 588 1424 632; baseline 0.004 -12"><span class='ocrx_word' id='word_1_73' title='bbox 60 588 214 630; x_wconf 88' lang='lat' dir='ltr'><strong>condita,</strong></span> <span class='ocrx_word' id='word_1_74' title='bbox 240 592 275 622; x_wconf 89' lang='lat' dir='ltr'><strong>et</strong></span> <span class='ocrx_word' id='word_1_75' title='bbox 293 589 349 622; x_wconf 89' lang='lat'><strong>01.</strong></span> <span class='ocrx_word' id='word_1_76' title='bbox 370 589 408 631; x_wconf 84' lang='lat' dir='ltr'><strong>V,</strong></span> <span class='ocrx_word' id='word_1_77' title='bbox 425 588 481 621; x_wconf 79' lang='lat'><strong>17.</strong></span> <span class='ocrx_word' id='word_1_78' title='bbox 501 599 566 632; x_wconf 86' lang='lat' dir='ltr'><strong>pro</strong></span> <span class='ocrx_word' id='word_1_79' title='bbox 581 588 776 621; x_wconf 82' lang='lat' dir='ltr'><strong>Camarina</strong></span> <span class='ocrx_word' id='word_1_80' title='bbox 802 601 916 632; x_wconf 80' lang='lat' dir='ltr'><strong>nuper</strong></span> <span class='ocrx_word' id='word_1_81' title='bbox 937 590 1103 624; x_wconf 85' lang='lat' dir='ltr'><strong>restituta</strong></span> <span class='ocrx_word' id='word_1_82' title='bbox 1128 594 1163 624; x_wconf 90' lang='lat' dir='ltr'><strong>et</strong></span> <span class='ocrx_word' id='word_1_83' title='bbox 1179 590 1317 624; x_wconf 77' lang='lat' dir='ltr'><strong>victore</strong></span> <span class='ocrx_word' id='word_1_84' title='bbox 1332 591 1424 625; x_wconf 88' lang='lat' dir='ltr'><strong>cive.</strong></span> 
     </span>
     <span class='ocr_line' id='line_1_9' title="bbox 57 649 1426 695; baseline 0.003 -13"><span class='ocrx_word' id='word_1_85' title='bbox 57 649 109 682; x_wconf 80' lang='lat' dir='ltr'><strong>Ac</strong></span> <span class='ocrx_word' id='word_1_86' title='bbox 137 661 247 693; x_wconf 90' lang='lat' dir='ltr'><strong>quum</strong></span> <span class='ocrx_word' id='word_1_87' title='bbox 271 650 361 684; x_wconf 85' lang='lat' dir='ltr'><strong>locis</strong></span> <span class='ocrx_word' id='word_1_88' title='bbox 386 661 525 693; x_wconf 86' lang='lat' dir='ltr'><strong>quoque</strong></span> <span class='ocrx_word' id='word_1_89' title='bbox 550 649 684 692; x_wconf 87' lang='lat' dir='ltr'><strong>ubique</strong></span> <span class='ocrx_word' id='word_1_90' title='bbox 709 650 907 683; x_wconf 75' lang='lat' dir='ltr'><strong>commodis</strong></span> <span class='ocrx_word' id='word_1_91' title='bbox 932 656 1108 693; x_wconf 87' lang='lat' dir='ltr'><strong>ponantur</strong></span> <span class='ocrx_word' id='word_1_92' title='bbox 1131 663 1279 695; x_wconf 82' lang='lat' dir='ltr'><strong>preces,</strong></span> <span class='ocrx_word' id='word_1_93' title='bbox 1314 664 1426 686; x_wconf 88' lang='lat' dir='ltr'><strong>unum</strong></span> 
     </span>
     <span class='ocr_line' id='line_1_10' title="bbox 58 710 1425 756; baseline 0.002 -12"><span class='ocrx_word' id='word_1_94' title='bbox 58 716 188 745; x_wconf 86' lang='lat' dir='ltr'><strong>annoto</strong></span> <span class='ocrx_word' id='word_1_95' title='bbox 213 712 304 753; x_wconf 88' lang='lat' dir='ltr'><strong>hoc,</strong></span> <span class='ocrx_word' id='word_1_96' title='bbox 341 711 450 745; x_wconf 88' lang='lat' dir='ltr'><strong>etiam</strong></span> <span class='ocrx_word' id='word_1_97' title='bbox 476 710 665 744; x_wconf 83' lang='lat' dir='ltr'><strong>transitum</strong></span> <span class='ocrx_word' id='word_1_98' title='bbox 692 711 736 744; x_wconf 89' lang='lat' dir='ltr'><strong>ab</strong></span> <span class='ocrx_word' id='word_1_99' title='bbox 763 723 833 745; x_wconf 91' lang='lat' dir='ltr'><strong>una</strong></span> <span class='ocrx_word' id='word_1_100' title='bbox 858 723 897 744; x_wconf 87' lang='lat' dir='ltr'><strong>re</strong></span> <span class='ocrx_word' id='word_1_101' title='bbox 924 712 969 744; x_wconf 89' lang='lat' dir='ltr'><strong>ad</strong></span> <span class='ocrx_word' id='word_1_102' title='bbox 994 712 1105 745; x_wconf 89' lang='lat' dir='ltr'><strong>aliam</strong></span> <span class='ocrx_word' id='word_1_103' title='bbox 1129 723 1239 756; x_wconf 85' lang='lat' dir='ltr'><strong>saepe</strong></span> <span class='ocrx_word' id='word_1_104' title='bbox 1264 713 1425 747; x_wconf 81' lang='lat' dir='ltr'><strong>suaviter</strong></span> 
     </span>
     <span class='ocr_line' id='line_1_11' title="bbox 56 772 1424 818; baseline 0.003 -14"><span class='ocrx_word' id='word_1_105' title='bbox 56 783 123 815; x_wconf 84' lang='lat' dir='ltr'><strong>per</strong></span> <span class='ocrx_word' id='word_1_106' title='bbox 147 772 389 815; x_wconf 82' lang='lat' dir='ltr'><strong>precationem</strong></span> <span class='ocrx_word' id='word_1_107' title='bbox 415 772 507 814; x_wconf 79' lang='lat' dir='ltr'><strong>fieri,</strong></span> <span class='ocrx_word' id='word_1_108' title='bbox 530 775 568 805; x_wconf 91' lang='lat' dir='ltr'><strong>ut</strong></span> <span class='ocrx_word' id='word_1_109' title='bbox 592 773 699 815; x_wconf 71' lang='lat' dir='ltr'><strong>Pyth.</strong></span> <span class='ocrx_word' id='word_1_110' title='bbox 718 773 744 812; x_wconf 87' lang='grc'><strong>1,</strong></span> <span class='ocrx_word' id='word_1_111' title='bbox 765 772 822 805; x_wconf 75' lang='grc'><strong>39.</strong></span> <span class='ocrx_word' id='word_1_112' title='bbox 847 773 949 806; x_wconf 71' lang='lat' dir='ltr'><strong>Nem.</strong></span> <span class='ocrx_word' id='word_1_113' title='bbox 969 774 1033 814; x_wconf 83' lang='lat' dir='ltr'><strong>lx,</strong></span> <span class='ocrx_word' id='word_1_114' title='bbox 1052 772 1106 806; x_wconf 80' lang='lat'><strong>28.</strong></span> <span class='ocrx_word' id='word_1_115' title='bbox 1134 784 1154 806; x_wconf 85' lang='lat' dir='ltr'><strong>a</strong></span> <span class='ocrx_word' id='word_1_116' title='bbox 1179 774 1352 818; x_wconf 66' lang='lat' dir='ltr'><strong>mythicis</strong></span> <span class='ocrx_word' id='word_1_117' title='bbox 1377 775 1424 808; x_wconf 86' lang='lat' dir='ltr'><strong>ad</strong></span> 
     </span>
     <span class='ocr_line' id='line_1_12' title="bbox 27 829 1425 877; baseline 0.004 -13"><span class='ocrx_word' id='word_1_118' title='bbox 27 861 40 871; x_wconf 62' lang='lat'><em>„</em></span> <span class='ocrx_word' id='word_1_119' title='bbox 56 833 282 876; x_wconf 59' lang='lat' dir='ltr'><strong>praesentim</strong></span> <span class='ocrx_word' id='word_1_120' title='bbox 308 832 367 866; x_wconf 86' lang='lat'><strong>01.</strong></span> <span class='ocrx_word' id='word_1_121' title='bbox 387 834 487 876; x_wconf 82' lang='lat' dir='ltr'><strong>xm,</strong></span> <span class='ocrx_word' id='word_1_122' title='bbox 504 832 559 866; x_wconf 81' lang='lat'><strong>24.</strong></span> <span class='ocrx_word' id='word_1_123' title='bbox 587 834 633 867; x_wconf 82' lang='lat' dir='ltr'><strong>ab</strong></span> <span class='ocrx_word' id='word_1_124' title='bbox 659 834 759 867; x_wconf 86' lang='lat' dir='ltr'><strong>urbis</strong></span> <span class='ocrx_word' id='word_1_125' title='bbox 784 833 891 867; x_wconf 83' lang='lat' dir='ltr'><strong>laude</strong></span> <span class='ocrx_word' id='word_1_126' title='bbox 917 833 962 866; x_wconf 89' lang='lat' dir='ltr'><strong>ad</strong></span> <span class='ocrx_word' id='word_1_127' title='bbox 983 829 1230 877; x_wconf 78' lang='lat' dir='ltr'><strong>Xenophontis</strong></span> <span class='ocrx_word' id='word_1_128' title='bbox 1254 836 1425 877; x_wconf 82' lang='lat' dir='ltr'><strong>laudem3</strong></span> 
     </span>
     <span class='ocr_line' id='line_1_13' title="bbox 54 893 1423 939; baseline 0.004 -13"><span class='ocrx_word' id='word_1_129' title='bbox 54 903 122 926; x_wconf 89' lang='lat' dir='ltr'><strong>nec</strong></span> <span class='ocrx_word' id='word_1_130' title='bbox 141 893 257 927; x_wconf 90' lang='lat' dir='ltr'><strong>minus</strong></span> <span class='ocrx_word' id='word_1_131' title='bbox 277 904 390 927; x_wconf 78' lang='lat' dir='ltr'><strong>suave</strong></span> <span class='ocrx_word' id='word_1_132' title='bbox 407 895 599 929; x_wconf 86' lang='lat' dir='ltr'><strong>artificium</strong></span> <span class='ocrx_word' id='word_1_133' title='bbox 615 895 672 929; x_wconf 89' lang='lat'><strong>01.</strong></span> <span class='ocrx_word' id='word_1_134' title='bbox 693 896 768 936; x_wconf 69' lang='lat' dir='ltr'><strong>vll,</strong></span> <span class='ocrx_word' id='word_1_135' title='bbox 781 895 837 928; x_wconf 70' lang='lat'><strong>87.</strong></span> <span class='ocrx_word' id='word_1_136' title='bbox 855 899 918 936; x_wconf 73' lang='lat' dir='ltr'><strong>est,</strong></span> <span class='ocrx_word' id='word_1_137' title='bbox 935 895 996 928; x_wconf 92' lang='lat' dir='ltr'><strong>ubi</strong></span> <span class='ocrx_word' id='word_1_138' title='bbox 1012 897 1091 939; x_wconf 71' lang='lat' dir='ltr'><strong>post</strong></span> <span class='ocrx_word' id='word_1_139' title='bbox 1108 896 1325 931; x_wconf 87' lang='lat' dir='ltr'><strong>fortitudinis</strong></span> <span class='ocrx_word' id='word_1_140' title='bbox 1342 899 1423 931; x_wconf 85' lang='lat' dir='ltr'><strong>lau-</strong></span> 
     </span>
     <span class='ocr_line' id='line_1_14' title="bbox 55 955 1423 1000; baseline 0.004 -12"><span class='ocrx_word' id='word_1_141' title='bbox 55 955 138 988; x_wconf 89' lang='lat' dir='ltr'><strong>dem</strong></span> <span class='ocrx_word' id='word_1_142' title='bbox 164 956 210 988; x_wconf 89' lang='lat' dir='ltr'><strong>ad</strong></span> <span class='ocrx_word' id='word_1_143' title='bbox 235 955 409 990; x_wconf 86' lang='lat' dir='ltr'><strong>iustitiam</strong></span> <span class='ocrx_word' id='word_1_144' title='bbox 433 957 718 1000; x_wconf 74' lang='lat' dir='ltr'><strong>modestiamque</strong></span> <span class='ocrx_word' id='word_1_145' title='bbox 735 956 803 990; x_wconf 75' lang='lat' dir='ltr'><strong>viri</strong></span> <span class='ocrx_word' id='word_1_146' title='bbox 823 961 991 990; x_wconf 82' lang='lat' dir='ltr'><strong>venturus</strong></span> <span class='ocrx_word' id='word_1_147' title='bbox 1016 969 1083 991; x_wconf 90' lang='lat' dir='ltr'><strong>non</strong></span> <span class='ocrx_word' id='word_1_148' title='bbox 1106 958 1156 992; x_wconf 89' lang='lat' dir='ltr'><strong>ita</strong></span> <span class='ocrx_word' id='word_1_149' title='bbox 1181 959 1284 993; x_wconf 87' lang='lat' dir='ltr'><strong>dicit:</strong></span> <span class='ocrx_word' id='word_1_150' title='bbox 1310 960 1423 994; x_wconf 81' lang='lat' dir='ltr'><strong>Prae·</strong></span> 
     </span>
     <span class='ocr_line' id='line_1_15' title="bbox 54 1016 1423 1063; baseline 0.003 -13"><span class='ocrx_word' id='word_1_151' title='bbox 54 1016 155 1050; x_wconf 70' lang='lat' dir='ltr'><strong>terea</strong></span> <span class='ocrx_word' id='word_1_152' title='bbox 178 1016 288 1050; x_wconf 89' lang='lat' dir='ltr'><strong>etiam</strong></span> <span class='ocrx_word' id='word_1_153' title='bbox 312 1017 426 1052; x_wconf 89' lang='lat' dir='ltr'><strong>iustus</strong></span> <span class='ocrx_word' id='word_1_154' title='bbox 451 1022 504 1052; x_wconf 91' lang='lat' dir='ltr'><strong>est</strong></span> <span class='ocrx_word' id='word_1_155' title='bbox 528 1019 709 1063; x_wconf 78' lang='lat' dir='ltr'><strong>Diagoras</strong></span> <span class='ocrx_word' id='word_1_156' title='bbox 734 1022 768 1051; x_wconf 91' lang='lat' dir='ltr'><strong>et</strong></span> <span class='ocrx_word' id='word_1_157' title='bbox 793 1029 814 1051; x_wconf 91' lang='lat' dir='ltr'><strong>a</strong></span> <span class='ocrx_word' id='word_1_158' title='bbox 838 1019 1008 1062; x_wconf 87' lang='lat' dir='ltr'><strong>superbia</strong></span> <span class='ocrx_word' id='word_1_159' title='bbox 1033 1020 1188 1062; x_wconf 80' lang='lat' dir='ltr'><strong>alienus,</strong></span> <span class='ocrx_word' id='word_1_160' title='bbox 1225 1031 1318 1063; x_wconf 90' lang='lat' dir='ltr'><strong>quae</strong></span> <span class='ocrx_word' id='word_1_161' title='bbox 1342 1031 1423 1054; x_wconf 88' lang='lat' dir='ltr'><strong>ma-</strong></span> 
     </span>
     <span class='ocr_line' id='line_1_16' title="bbox 53 1077 1423 1126; baseline 0.003 -15"><span class='ocrx_word' id='word_1_162' title='bbox 53 1077 150 1112; x_wconf 83' lang='lat' dir='ltr'><strong>xime</strong></span> <span class='ocrx_word' id='word_1_163' title='bbox 175 1078 367 1112; x_wconf 88' lang='lat' dir='ltr'><strong>iniucunda</strong></span> <span class='ocrx_word' id='word_1_164' title='bbox 391 1079 425 1112; x_wconf 93' lang='lat' dir='ltr'><strong>in</strong></span> <span class='ocrx_word' id='word_1_165' title='bbox 452 1079 552 1123; x_wconf 82' lang='lat' dir='ltr'><strong>poesi</strong></span> <span class='ocrx_word' id='word_1_166' title='bbox 577 1084 670 1113; x_wconf 88' lang='lat' dir='ltr'><strong>esset</strong></span> <span class='ocrx_word' id='word_1_167' title='bbox 695 1079 880 1121; x_wconf 82' lang='lat' dir='ltr'><strong>iunctura,</strong></span> <span class='ocrx_word' id='word_1_168' title='bbox 915 1082 977 1115; x_wconf 83' lang='lat' dir='ltr'><strong>scd</strong></span> <span class='ocrx_word' id='word_1_169' title='bbox 1003 1082 1074 1114; x_wconf 90' lang='lat' dir='ltr'><strong>hoc</strong></span> <span class='ocrx_word' id='word_1_170' title='bbox 1097 1082 1223 1114; x_wconf 89' lang='lat' dir='ltr'><strong>modo:</strong></span> <span class='ocrx_word' id='word_1_171' title='bbox 1261 1082 1423 1126; x_wconf 88' lang='lat' dir='ltr'><strong>luppiter</strong></span> 
     </span>
     <span class='ocr_line' id='line_1_17' title="bbox 53 1139 1423 1187; baseline 0.002 -14"><span class='ocrx_word' id='word_1_172' title='bbox 53 1139 132 1173; x_wconf 86' lang='lat' dir='ltr'><strong>viro</strong></span> <span class='ocrx_word' id='word_1_173' title='bbox 157 1141 324 1185; x_wconf 85' lang='lat' dir='ltr'><strong>pugilatu</strong></span> <span class='ocrx_word' id='word_1_174' title='bbox 348 1141 506 1185; x_wconf 85' lang='lat' dir='ltr'><strong>gloriam</strong></span> <span class='ocrx_word' id='word_1_175' title='bbox 531 1146 751 1184; x_wconf 87' lang='lat' dir='ltr'><strong>consequuto</strong></span> <span class='ocrx_word' id='word_1_176' title='bbox 777 1143 839 1175; x_wconf 87' lang='lat' dir='ltr'><strong>des</strong></span> <span class='ocrx_word' id='word_1_177' title='bbox 865 1142 1023 1187; x_wconf 80' lang='lat' dir='ltr'><strong>gratiam</strong></span> <span class='ocrx_word' id='word_1_178' title='bbox 1057 1143 1151 1186; x_wconf 88' lang='lat' dir='ltr'><strong>apud</strong></span> <span class='ocrx_word' id='word_1_179' title='bbox 1177 1144 1275 1176; x_wconf 80' lang='lat' dir='ltr'><strong>cives</strong></span> <span class='ocrx_word' id='word_1_180' title='bbox 1300 1148 1335 1177; x_wconf 90' lang='lat' dir='ltr'><strong>ct</strong></span> <span class='ocrx_word' id='word_1_181' title='bbox 1359 1155 1423 1176; x_wconf 84' lang='lat' dir='ltr'><strong>ex-</strong></span> 
     </span>
     <span class='ocr_line' id='line_1_18' title="bbox 52 1202 1420 1247; baseline 0.001 -11"><span class='ocrx_word' id='word_1_182' title='bbox 52 1205 170 1242; x_wconf 83' lang='lat' dir='ltr'><strong>teros3</strong></span> <span class='ocrx_word' id='word_1_183' title='bbox 203 1213 300 1236; x_wconf 89' lang='lat' dir='ltr'><strong>nam</strong></span> <span class='ocrx_word' id='word_1_184' title='bbox 326 1202 464 1236; x_wconf 85' lang='lat' dir='ltr'><strong>alienus</strong></span> <span class='ocrx_word' id='word_1_185' title='bbox 490 1207 543 1236; x_wconf 87' lang='lat' dir='ltr'><strong>est</strong></span> <span class='ocrx_word' id='word_1_186' title='bbox 568 1214 589 1236; x_wconf 90' lang='lat' dir='ltr'><strong>a</strong></span> <span class='ocrx_word' id='word_1_187' title='bbox 613 1204 797 1247; x_wconf 86' lang='lat' dir='ltr'><strong>superbia.</strong></span> <span class='ocrx_word' id='word_1_188' title='bbox 845 1204 906 1238; x_wconf 89' lang='lat' dir='ltr'><strong>Sic</strong></span> <span class='ocrx_word' id='word_1_189' title='bbox 932 1215 1000 1237; x_wconf 89' lang='lat' dir='ltr'><strong>non</strong></span> <span class='ocrx_word' id='word_1_190' title='bbox 1027 1215 1183 1238; x_wconf 89' lang='lat' dir='ltr'><strong>annexus</strong></span> <span class='ocrx_word' id='word_1_191' title='bbox 1208 1210 1261 1238; x_wconf 85' lang='lat' dir='ltr'><strong>est</strong></span> <span class='ocrx_word' id='word_1_192' title='bbox 1284 1208 1420 1238; x_wconf 84' lang='lat' dir='ltr'><strong>tantum</strong></span> 
     </span>
     <span class='ocr_line' id='line_1_19' title="bbox 52 1263 1422 1310; baseline 0.001 -13"><span class='ocrx_word' id='word_1_193' title='bbox 52 1263 196 1297; x_wconf 91' lang='lat' dir='ltr'><strong>ultimus</strong></span> <span class='ocrx_word' id='word_1_194' title='bbox 231 1265 330 1298; x_wconf 86' lang='lat' dir='ltr'><strong>locus</strong></span> <span class='ocrx_word' id='word_1_195' title='bbox 360 1264 604 1306; x_wconf 83' lang='lat' dir='ltr'><strong>antecedenti,</strong></span> <span class='ocrx_word' id='word_1_196' title='bbox 637 1266 698 1298; x_wconf 87' lang='lat' dir='ltr'><strong>sed</strong></span> <span class='ocrx_word' id='word_1_197' title='bbox 733 1265 882 1299; x_wconf 82' lang='lat' dir='ltr'><strong>innexus</strong></span> <span class='ocrx_word' id='word_1_198' title='bbox 917 1266 1062 1310; x_wconf 86' lang='lat' dir='ltr'><strong>optime.</strong></span> <span class='ocrx_word' id='word_1_199' title='bbox 1112 1266 1212 1299; x_wconf 85' lang='lat' dir='ltr'><strong>Alias</strong></span> <span class='ocrx_word' id='word_1_200' title='bbox 1246 1267 1339 1300; x_wconf 91' lang='lat' dir='ltr'><strong>duae</strong></span> <span class='ocrx_word' id='word_1_201' title='bbox 1363 1277 1422 1299; x_wconf 88' lang='lat' dir='ltr'><strong>res</strong></span> 
     </span>
     <span class='ocr_line' id='line_1_20' title="bbox 53 1325 1421 1371; baseline 0.001 -13"><span class='ocrx_word' id='word_1_202' title='bbox 53 1325 163 1359; x_wconf 88' lang='lat' dir='ltr'><strong>ctiam</strong></span> <span class='ocrx_word' id='word_1_203' title='bbox 196 1337 260 1369; x_wconf 87' lang='lat' dir='ltr'><strong>per</strong></span> <span class='ocrx_word' id='word_1_204' title='bbox 293 1325 542 1368; x_wconf 83' lang='lat' dir='ltr'><strong>interpositam</strong></span> <span class='ocrx_word' id='word_1_205' title='bbox 576 1327 789 1360; x_wconf 87' lang='lat' dir='ltr'><strong>sententiam</strong></span> <span class='ocrx_word' id='word_1_206' title='bbox 821 1329 1033 1371; x_wconf 77' lang='lat' dir='ltr'><strong>generalem</strong></span> <span class='ocrx_word' id='word_1_207' title='bbox 1056 1327 1272 1370; x_wconf 81' lang='lat' dir='ltr'><strong>iunguntur,</strong></span> <span class='ocrx_word' id='word_1_208' title='bbox 1307 1326 1421 1360; x_wconf 86' lang='lat' dir='ltr'><strong>veluti</strong></span> 
     </span>
     <span class='ocr_line' id='line_1_21' title="bbox 51 1386 1418 1431; baseline 0.001 -11"><span class='ocrx_word' id='word_1_209' title='bbox 51 1386 110 1420; x_wconf 84' lang='lat'><strong>01.</strong></span> <span class='ocrx_word' id='word_1_210' title='bbox 128 1387 176 1425; x_wconf 90' lang='lat' dir='ltr'><strong>ll,</strong></span> <span class='ocrx_word' id='word_1_211' title='bbox 197 1386 252 1420; x_wconf 81' lang='lat'><strong>53.</strong></span> <span class='ocrx_word' id='word_1_212' title='bbox 279 1398 301 1421; x_wconf 89' lang='lat' dir='ltr'><strong>a</strong></span> <span class='ocrx_word' id='word_1_213' title='bbox 326 1387 506 1431; x_wconf 87' lang='lat' dir='ltr'><strong>praesenti</strong></span> <span class='ocrx_word' id='word_1_214' title='bbox 532 1387 662 1420; x_wconf 82' lang='lat' dir='ltr'><strong>decore</strong></span> <span class='ocrx_word' id='word_1_215' title='bbox 686 1388 860 1421; x_wconf 70' lang='lat' dir='ltr'><strong>victoriae</strong></span> <span class='ocrx_word' id='word_1_216' title='bbox 876 1390 921 1422; x_wconf 89' lang='lat' dir='ltr'><strong>ad</strong></span> <span class='ocrx_word' id='word_1_217' title='bbox 938 1389 1080 1421; x_wconf 80' lang='lat' dir='ltr'><strong>futurae</strong></span> <span class='ocrx_word' id='word_1_218' title='bbox 1095 1387 1190 1421; x_wconf 70' lang='lat' dir='ltr'><strong>vitae</strong></span> <span class='ocrx_word' id='word_1_219' title='bbox 1207 1386 1418 1421; x_wconf 82' lang='lat' dir='ltr'><strong>felicitatem</strong></span> 
     </span>
     <span class='ocr_line' id='line_1_22' title="bbox 50 1447 1420 1492; baseline 0.001 -11"><span class='ocrx_word' id='word_1_220' title='bbox 50 1447 266 1482; x_wconf 85' lang='lat' dir='ltr'><strong>transiturus</strong></span> <span class='ocrx_word' id='word_1_221' title='bbox 288 1449 501 1482; x_wconf 87' lang='lat' dir='ltr'><strong>sententiam</strong></span> <span class='ocrx_word' id='word_1_222' title='bbox 527 1449 571 1482; x_wconf 88' lang='lat' dir='ltr'><strong>de</strong></span> <span class='ocrx_word' id='word_1_223' title='bbox 597 1450 782 1492; x_wconf 88' lang='lat' dir='ltr'><strong>opulentia</strong></span> <span class='ocrx_word' id='word_1_224' title='bbox 805 1450 936 1483; x_wconf 73' lang='lat' dir='ltr'><strong>virtute</strong></span> <span class='ocrx_word' id='word_1_225' title='bbox 962 1454 1088 1483; x_wconf 87' lang='lat' dir='ltr'><strong>ornata</strong></span> <span class='ocrx_word' id='word_1_226' title='bbox 1113 1449 1312 1492; x_wconf 86' lang='lat' dir='ltr'><strong>interponit.</strong></span> <span class='ocrx_word' id='word_1_227' title='bbox 1357 1449 1420 1483; x_wconf 82' lang='lat' dir='ltr'><strong>At-</strong></span> 
     </span>
     <span class='ocr_line' id='line_1_23' title="bbox 50 1509 1418 1553; baseline 0.001 -10"><span class='ocrx_word' id='word_1_228' title='bbox 50 1521 119 1553; x_wconf 86' lang='lat' dir='ltr'><strong>que</strong></span> <span class='ocrx_word' id='word_1_229' title='bbox 142 1509 193 1543; x_wconf 90' lang='lat' dir='ltr'><strong>ita</strong></span> <span class='ocrx_word' id='word_1_230' title='bbox 216 1509 372 1552; x_wconf 86' lang='lat' dir='ltr'><strong>saepius.</strong></span> <span class='ocrx_word' id='word_1_231' title='bbox 423 1510 491 1553; x_wconf 81' lang='lat' dir='ltr'><strong>Qui</strong></span> <span class='ocrx_word' id='word_1_232' title='bbox 519 1510 658 1543; x_wconf 87' lang='lat' dir='ltr'><strong>dicendi</strong></span> <span class='ocrx_word' id='word_1_233' title='bbox 689 1514 765 1543; x_wconf 87' lang='lat' dir='ltr'><strong>arte</strong></span> <span class='ocrx_word' id='word_1_234' title='bbox 790 1512 1012 1544; x_wconf 84' lang='lat' dir='ltr'><strong>delectantur</strong></span> <span class='ocrx_word' id='word_1_235' title='bbox 1035 1511 1146 1545; x_wconf 89' lang='lat' dir='ltr'><strong>etiam</strong></span> <span class='ocrx_word' id='word_1_236' title='bbox 1172 1512 1218 1544; x_wconf 87' lang='lat' dir='ltr'><strong>ad</strong></span> <span class='ocrx_word' id='word_1_237' title='bbox 1242 1512 1331 1544; x_wconf 88' lang='lat' dir='ltr'><strong>tales</strong></span> <span class='ocrx_word' id='word_1_238' title='bbox 1356 1522 1418 1544; x_wconf 87' lang='lat' dir='ltr'><strong>cx-</strong></span> 
     </span>
     <span class='ocr_line' id='line_1_24' title="bbox 49 1571 932 1615; baseline 0 -11"><span class='ocrx_word' id='word_1_239' title='bbox 49 1571 198 1615; x_wconf 86' lang='lat' dir='ltr'><strong>quisitos</strong></span> <span class='ocrx_word' id='word_1_240' title='bbox 223 1572 351 1605; x_wconf 85' lang='lat' dir='ltr'><strong>modos</strong></span> <span class='ocrx_word' id='word_1_241' title='bbox 376 1572 570 1605; x_wconf 82' lang='lat' dir='ltr'><strong>attendant.</strong></span> <span class='ocrx_word' id='word_1_242' title='bbox 619 1572 722 1605; x_wconf 87' lang='lat' dir='ltr'><strong>Haec</strong></span> <span class='ocrx_word' id='word_1_243' title='bbox 748 1573 932 1606; x_wconf 82' lang='lat' dir='ltr'><strong>hactenus.</strong></span> 
     </span>
    </p>

    <p class='ocr_par' dir='ltr' id='par_1_3' title="bbox 43 1632 1419 2659">
     <span class='ocr_line' id='line_1_25' title="bbox 138 1632 1418 1679; baseline 0.002 -13"><span class='ocrx_word' id='word_1_244' title='bbox 138 1632 221 1666; x_wconf 85' lang='lat' dir='ltr'><strong>Dixi</strong></span> <span class='ocrx_word' id='word_1_245' title='bbox 239 1633 441 1677; x_wconf 82' lang='lat' dir='ltr'><strong>generatim</strong></span> <span class='ocrx_word' id='word_1_246' title='bbox 459 1634 503 1666; x_wconf 91' lang='lat' dir='ltr'><strong>de</strong></span> <span class='ocrx_word' id='word_1_247' title='bbox 527 1634 738 1667; x_wconf 84' lang='lat' dir='ltr'><strong>tractatione</strong></span> <span class='ocrx_word' id='word_1_248' title='bbox 753 1634 888 1667; x_wconf 88' lang='lat' dir='ltr'><strong>directa</strong></span> <span class='ocrx_word' id='word_1_249' title='bbox 903 1635 1126 1679; x_wconf 73' lang='lat' dir='ltr'><strong>argumenti;</strong></span> <span class='ocrx_word' id='word_1_250' title='bbox 1152 1635 1285 1668; x_wconf 88' lang='lat' dir='ltr'><strong>addam</strong></span> <span class='ocrx_word' id='word_1_251' title='bbox 1302 1644 1418 1679; x_wconf 85' lang='lat' dir='ltr'><strong>pauca</strong></span> 
     </span>
     <span class='ocr_line' id='line_1_26' title="bbox 49 1694 1418 1740; baseline 0.001 -12"><span class='ocrx_word' id='word_1_252' title='bbox 49 1695 96 1729; x_wconf 80' lang='lat' dir='ltr'><strong>ad</strong></span> <span class='ocrx_word' id='word_1_253' title='bbox 120 1694 346 1740; x_wconf 85' lang='lat' dir='ltr'><strong>singulorum</strong></span> <span class='ocrx_word' id='word_1_254' title='bbox 369 1696 530 1728; x_wconf 89' lang='lat' dir='ltr'><strong>locorum</strong></span> <span class='ocrx_word' id='word_1_255' title='bbox 555 1696 780 1738; x_wconf 89' lang='lat' dir='ltr'><strong>quorundam</strong></span> <span class='ocrx_word' id='word_1_256' title='bbox 797 1695 977 1728; x_wconf 88' lang='lat' dir='ltr'><strong>rationem</strong></span> <span class='ocrx_word' id='word_1_257' title='bbox 996 1697 1221 1740; x_wconf 86' lang='lat' dir='ltr'><strong>pertinentia.</strong></span> <span class='ocrx_word' id='word_1_258' title='bbox 1256 1696 1418 1730; x_wconf 89' lang='lat' dir='ltr'><strong>Primum</strong></span> 
     </span>
     <span class='ocr_line' id='line_1_27' title="bbox 49 1756 1418 1802; baseline 0.001 -12"><span class='ocrx_word' id='word_1_259' title='bbox 49 1756 145 1790; x_wconf 88' lang='lat' dir='ltr'><strong>enim</strong></span> <span class='ocrx_word' id='word_1_260' title='bbox 169 1761 250 1790; x_wconf 84' lang='lat' dir='ltr'><strong>sunt</strong></span> <span class='ocrx_word' id='word_1_261' title='bbox 271 1757 450 1791; x_wconf 88' lang='lat' dir='ltr'><strong>interdum</strong></span> <span class='ocrx_word' id='word_1_262' title='bbox 475 1757 591 1790; x_wconf 87' lang='lat' dir='ltr'><strong>duae</strong></span> <span class='ocrx_word' id='word_1_263' title='bbox 615 1767 689 1790; x_wconf 88' lang='lat' dir='ltr'><strong>res</strong></span> <span class='ocrx_word' id='word_1_264' title='bbox 714 1758 993 1791; x_wconf 86' lang='lat' dir='ltr'><strong>commixtae</strong></span> <span class='ocrx_word' id='word_1_265' title='bbox 1015 1757 1050 1791; x_wconf 90' lang='lat' dir='ltr'><strong>in</strong></span> <span class='ocrx_word' id='word_1_266' title='bbox 1067 1759 1194 1792; x_wconf 89' lang='lat' dir='ltr'><strong>eodem</strong></span> <span class='ocrx_word' id='word_1_267' title='bbox 1212 1760 1304 1799; x_wconf 81' lang='lat' dir='ltr'><strong>loco,</strong></span> <span class='ocrx_word' id='word_1_268' title='bbox 1330 1769 1418 1802; x_wconf 86' lang='lat' dir='ltr'><strong>quas</strong></span> 
     </span>
     <span class='ocr_line' id='line_1_28' title="bbox 49 1814 1419 1864; baseline 0.001 -12"><span class='ocrx_word' id='word_1_269' title='bbox 49 1814 270 1864; x_wconf 83' lang='lat' dir='ltr'><strong>distinguere</strong></span> <span class='ocrx_word' id='word_1_270' title='bbox 294 1818 496 1862; x_wconf 88' lang='lat' dir='ltr'><strong>iterumque</strong></span> <span class='ocrx_word' id='word_1_271' title='bbox 521 1818 739 1863; x_wconf 83' lang='lat' dir='ltr'><strong>coniungere</strong></span> <span class='ocrx_word' id='word_1_272' title='bbox 766 1819 922 1859; x_wconf 67' lang='lat' dir='ltr'><strong>debetne,</strong></span> <span class='ocrx_word' id='word_1_273' title='bbox 951 1823 989 1852; x_wconf 90' lang='lat' dir='ltr'><strong>ut</strong></span> <span class='ocrx_word' id='word_1_274' title='bbox 1014 1819 1171 1852; x_wconf 85' lang='lat' dir='ltr'><strong>formam</strong></span> <span class='ocrx_word' id='word_1_275' title='bbox 1195 1820 1419 1853; x_wconf 86' lang='lat' dir='ltr'><strong>tractationis</strong></span> 
     </span>
     <span class='ocr_line' id='line_1_29' title="bbox 48 1880 1418 1924; baseline 0.001 -11"><span class='ocrx_word' id='word_1_276' title='bbox 48 1881 258 1924; x_wconf 84' lang='lat' dir='ltr'><strong>perspicias.</strong></span> <span class='ocrx_word' id='word_1_277' title='bbox 306 1881 358 1914; x_wconf 85' lang='lat' dir='ltr'><strong>Ac</strong></span> <span class='ocrx_word' id='word_1_278' title='bbox 389 1881 434 1913; x_wconf 91' lang='lat' dir='ltr'><strong>de</strong></span> <span class='ocrx_word' id='word_1_279' title='bbox 465 1880 707 1913; x_wconf 89' lang='lat' dir='ltr'><strong>admonitione</strong></span> <span class='ocrx_word' id='word_1_280' title='bbox 733 1892 814 1913; x_wconf 92' lang='lat' dir='ltr'><strong>cum</strong></span> <span class='ocrx_word' id='word_1_281' title='bbox 838 1880 946 1913; x_wconf 92' lang='lat' dir='ltr'><strong>laude</strong></span> <span class='ocrx_word' id='word_1_282' title='bbox 970 1880 1082 1914; x_wconf 81' lang='lat' dir='ltr'><strong>mixta</strong></span> <span class='ocrx_word' id='word_1_283' title='bbox 1106 1892 1216 1924; x_wconf 87' lang='lat' dir='ltr'><strong>supra</strong></span> <span class='ocrx_word' id='word_1_284' title='bbox 1239 1880 1418 1924; x_wconf 82' lang='lat' dir='ltr'><strong>explicui3</strong></span> 
     </span>
     <span class='ocr_line' id='line_1_30' title="bbox 46 1940 1417 1987; baseline 0.001 -13"><span class='ocrx_word' id='word_1_285' title='bbox 46 1951 138 1974; x_wconf 89' lang='lat' dir='ltr'><strong>nunc</strong></span> <span class='ocrx_word' id='word_1_286' title='bbox 169 1941 244 1974; x_wconf 84' lang='lat' dir='ltr'><strong>alia</strong></span> <span class='ocrx_word' id='word_1_287' title='bbox 274 1940 439 1974; x_wconf 80' lang='lat' dir='ltr'><strong>afferam.</strong></span> <span class='ocrx_word' id='word_1_288' title='bbox 486 1941 543 1974; x_wconf 89' lang='lat'><strong>01.</strong></span> <span class='ocrx_word' id='word_1_289' title='bbox 568 1941 614 1983; x_wconf 81' lang='lat'><strong>1¹,</strong></span> <span class='ocrx_word' id='word_1_290' title='bbox 641 1940 686 1974; x_wconf 83' lang='lat'><strong>83</strong></span> <span class='ocrx_word' id='word_1_291' title='bbox 711 1952 811 1984; x_wconf 85' lang='lat' dir='ltr'><strong>seqq.</strong></span> <span class='ocrx_word' id='word_1_292' title='bbox 846 1941 967 1974; x_wconf 87' lang='lat' dir='ltr'><strong>redire</strong></span> <span class='ocrx_word' id='word_1_293' title='bbox 1003 1942 1110 1975; x_wconf 87' lang='lat' dir='ltr'><strong>debet</strong></span> <span class='ocrx_word' id='word_1_294' title='bbox 1133 1946 1240 1985; x_wconf 87' lang='lat' dir='ltr'><strong>poeta</strong></span> <span class='ocrx_word' id='word_1_295' title='bbox 1265 1954 1308 1975; x_wconf 83' lang='lat' dir='ltr'><strong>ex</strong></span> <span class='ocrx_word' id='word_1_296' title='bbox 1333 1944 1417 1987; x_wconf 80' lang='lat' dir='ltr'><strong>lege</strong></span> 
     </span>
     <span class='ocr_line' id='line_1_31' title="bbox 47 2001 1417 2046; baseline 0.001 -11"><span class='ocrx_word' id='word_1_297' title='bbox 47 2001 218 2036; x_wconf 83' lang='lat' dir='ltr'><strong>carminis</strong></span> <span class='ocrx_word' id='word_1_298' title='bbox 240 2003 287 2036; x_wconf 82' lang='lat' dir='ltr'><strong>ad</strong></span> <span class='ocrx_word' id='word_1_299' title='bbox 310 2003 520 2036; x_wconf 89' lang='lat' dir='ltr'><strong>Theronem</strong></span> <span class='ocrx_word' id='word_1_300' title='bbox 554 2006 590 2036; x_wconf 89' lang='lat' dir='ltr'><strong>et</strong></span> <span class='ocrx_word' id='word_1_301' title='bbox 619 2003 809 2036; x_wconf 72' lang='lat' dir='ltr'><strong>absolvere</strong></span> <span class='ocrx_word' id='word_1_302' title='bbox 833 2002 975 2035; x_wconf 64' lang='lat' dir='ltr'><strong>virtutis</strong></span> <span class='ocrx_word' id='word_1_303' title='bbox 1000 2003 1144 2035; x_wconf 87' lang='lat' dir='ltr'><strong>laudem</strong></span> <span class='ocrx_word' id='word_1_304' title='bbox 1170 2003 1203 2035; x_wconf 91' lang='lat' dir='ltr'><strong>in</strong></span> <span class='ocrx_word' id='word_1_305' title='bbox 1230 2003 1417 2046; x_wconf 86' lang='lat' dir='ltr'><strong>prooemio</strong></span> 
     </span>
     <span class='ocr_line' id='line_1_32' title="bbox 47 2061 1416 2108; baseline 0.001 -12"><span class='ocrx_word' id='word_1_306' title='bbox 47 2063 251 2107; x_wconf 84' lang='lat' dir='ltr'><strong>inceptam,</strong></span> <span class='ocrx_word' id='word_1_307' title='bbox 274 2063 383 2108; x_wconf 86' lang='lat' dir='ltr'><strong>idque</strong></span> <span class='ocrx_word' id='word_1_308' title='bbox 407 2063 519 2104; x_wconf 84' lang='lat' dir='ltr'><strong>facit3</strong></span> <span class='ocrx_word' id='word_1_309' title='bbox 553 2064 617 2097; x_wconf 90' lang='lat' dir='ltr'><strong>sed</strong></span> <span class='ocrx_word' id='word_1_310' title='bbox 642 2075 749 2107; x_wconf 88' lang='lat' dir='ltr'><strong>quum</strong></span> <span class='ocrx_word' id='word_1_311' title='bbox 778 2063 885 2096; x_wconf 89' lang='lat' dir='ltr'><strong>simul</strong></span> <span class='ocrx_word' id='word_1_312' title='bbox 909 2061 1131 2095; x_wconf 84' lang='lat' dir='ltr'><strong>Simonidem</strong></span> <span class='ocrx_word' id='word_1_313' title='bbox 1159 2067 1194 2097; x_wconf 87' lang='lat' dir='ltr'><strong>et</strong></span> <span class='ocrx_word' id='word_1_314' title='bbox 1217 2063 1416 2108; x_wconf 80' lang='lat' dir='ltr'><strong>Bacchyli—</strong></span> 
     </span>
     <span class='ocr_line' id='line_1_33' title="bbox 49 2124 1416 2170; baseline 0.001 -12"><span class='ocrx_word' id='word_1_315' title='bbox 49 2124 132 2158; x_wconf 90' lang='lat' dir='ltr'><strong>dem</strong></span> <span class='ocrx_word' id='word_1_316' title='bbox 156 2125 338 2170; x_wconf 87' lang='lat' dir='ltr'><strong>castigare</strong></span> <span class='ocrx_word' id='word_1_317' title='bbox 361 2125 487 2164; x_wconf 80' lang='lat' dir='ltr'><strong>vellet,</strong></span> <span class='ocrx_word' id='word_1_318' title='bbox 512 2124 595 2157; x_wconf 90' lang='lat' dir='ltr'><strong>inde</strong></span> <span class='ocrx_word' id='word_1_319' title='bbox 621 2125 718 2158; x_wconf 82' lang='lat' dir='ltr'><strong>duxit</strong></span> <span class='ocrx_word' id='word_1_320' title='bbox 741 2124 901 2157; x_wconf 89' lang='lat' dir='ltr'><strong>formam</strong></span> <span class='ocrx_word' id='word_1_321' title='bbox 918 2124 988 2156; x_wconf 92' lang='lat' dir='ltr'><strong>loci</strong></span> <span class='ocrx_word' id='word_1_322' title='bbox 1008 2124 1256 2167; x_wconf 86' lang='lat' dir='ltr'><strong>pulcherrimi,</strong></span> <span class='ocrx_word' id='word_1_323' title='bbox 1279 2129 1317 2158; x_wconf 90' lang='lat' dir='ltr'><strong>ut</strong></span> <span class='ocrx_word' id='word_1_324' title='bbox 1335 2130 1416 2169; x_wconf 86' lang='lat' dir='ltr'><strong>post</strong></span> 
     </span>
     <span class='ocr_line' id='line_1_34' title="bbox 47 2184 1415 2220; baseline 0.001 -1"><span class='ocrx_word' id='word_1_325' title='bbox 47 2185 246 2220; x_wconf 85' lang='lat' dir='ltr'><strong>inferarum</strong></span> <span class='ocrx_word' id='word_1_326' title='bbox 269 2197 393 2219; x_wconf 83' lang='lat' dir='ltr'><strong>rerum</strong></span> <span class='ocrx_word' id='word_1_327' title='bbox 418 2188 452 2218; x_wconf 88' lang='lat' dir='ltr'><strong>et</strong></span> <span class='ocrx_word' id='word_1_328' title='bbox 475 2185 621 2218; x_wconf 82' lang='lat' dir='ltr'><strong>futurae</strong></span> <span class='ocrx_word' id='word_1_329' title='bbox 644 2185 741 2219; x_wconf 81' lang='lat' dir='ltr'><strong>vitae</strong></span> <span class='ocrx_word' id='word_1_330' title='bbox 765 2184 1015 2218; x_wconf 79' lang='lat' dir='ltr'><strong>tractationem</strong></span> <span class='ocrx_word' id='word_1_331' title='bbox 1039 2185 1170 2219; x_wconf 86' lang='lat' dir='ltr'><strong>laetior</strong></span> <span class='ocrx_word' id='word_1_332' title='bbox 1194 2189 1288 2220; x_wconf 87' lang='lat' dir='ltr'><strong>esset</strong></span> <span class='ocrx_word' id='word_1_333' title='bbox 1303 2190 1339 2220; x_wconf 91' lang='lat' dir='ltr'><strong>et</strong></span> <span class='ocrx_word' id='word_1_334' title='bbox 1358 2187 1415 2220; x_wconf 84' lang='lat' dir='ltr'><strong>vi-</strong></span> 
     </span>
     <span class='ocr_line' id='line_1_35' title="bbox 46 2246 1415 2291; baseline 0.001 -11"><span class='ocrx_word' id='word_1_335' title='bbox 46 2246 166 2280; x_wconf 80' lang='lat' dir='ltr'><strong>vidior</strong></span> <span class='ocrx_word' id='word_1_336' title='bbox 197 2247 243 2280; x_wconf 85' lang='lat' dir='ltr'><strong>ad</strong></span> <span class='ocrx_word' id='word_1_337' title='bbox 278 2246 481 2291; x_wconf 83' lang='lat' dir='ltr'><strong>praesentia</strong></span> <span class='ocrx_word' id='word_1_338' title='bbox 504 2246 661 2286; x_wconf 84' lang='lat' dir='ltr'><strong>reditus,</strong></span> <span class='ocrx_word' id='word_1_339' title='bbox 699 2249 734 2279; x_wconf 92' lang='lat' dir='ltr'><strong>et</strong></span> <span class='ocrx_word' id='word_1_340' title='bbox 757 2246 818 2279; x_wconf 70' lang='lat' dir='ltr'><strong>vix</strong></span> <span class='ocrx_word' id='word_1_341' title='bbox 842 2246 965 2279; x_wconf 87' lang='lat' dir='ltr'><strong>dubito</strong></span> <span class='ocrx_word' id='word_1_342' title='bbox 988 2246 1087 2281; x_wconf 88' lang='lat' dir='ltr'><strong>tibiis</strong></span> <span class='ocrx_word' id='word_1_343' title='bbox 1112 2259 1195 2281; x_wconf 87' lang='lat' dir='ltr'><strong>eum</strong></span> <span class='ocrx_word' id='word_1_344' title='bbox 1220 2251 1415 2290; x_wconf 87' lang='lat' dir='ltr'><strong>cantatum,</strong></span> 
     </span>
     <span class='ocr_line' id='line_1_36' title="bbox 45 2307 1412 2354; baseline 0.002 -13"><span class='ocrx_word' id='word_1_345' title='bbox 45 2318 157 2352; x_wconf 83' lang='lat' dir='ltr'><strong>quum</strong></span> <span class='ocrx_word' id='word_1_346' title='bbox 181 2311 287 2342; x_wconf 84' lang='lat' dir='ltr'><strong>antea</strong></span> <span class='ocrx_word' id='word_1_347' title='bbox 311 2308 476 2342; x_wconf 83' lang='lat' dir='ltr'><strong>citharae</strong></span> <span class='ocrx_word' id='word_1_348' title='bbox 500 2307 702 2341; x_wconf 84' lang='lat' dir='ltr'><strong>sedatiores</strong></span> <span class='ocrx_word' id='word_1_349' title='bbox 724 2307 799 2340; x_wconf 88' lang='lat' dir='ltr'><strong>soni</strong></span> <span class='ocrx_word' id='word_1_350' title='bbox 824 2308 1124 2352; x_wconf 80' lang='lat' dir='ltr'><strong>praevaluissent.</strong></span> <span class='ocrx_word' id='word_1_351' title='bbox 1157 2310 1197 2343; x_wconf 89' lang='lat' dir='ltr'><strong>In</strong></span> <span class='ocrx_word' id='word_1_352' title='bbox 1222 2310 1302 2354; x_wconf 87' lang='lat' dir='ltr'><strong>ipsa</strong></span> <span class='ocrx_word' id='word_1_353' title='bbox 1324 2320 1412 2344; x_wconf 81' lang='lat' dir='ltr'><strong>vero</strong></span> 
     </span>
     <span class='ocr_line' id='line_1_37' title="bbox 43 2367 1412 2416; baseline 0.002 -14"><span class='ocrx_word' id='word_1_354' title='bbox 43 2368 155 2402; x_wconf 84' lang='lat' dir='ltr'><strong>laude</strong></span> <span class='ocrx_word' id='word_1_355' title='bbox 177 2367 358 2402; x_wconf 86' lang='lat' dir='ltr'><strong>Theronis</strong></span> <span class='ocrx_word' id='word_1_356' title='bbox 381 2369 499 2404; x_wconf 84' lang='lat' dir='ltr'><strong>obiter</strong></span> <span class='ocrx_word' id='word_1_357' title='bbox 522 2369 699 2414; x_wconf 83' lang='lat' dir='ltr'><strong>observa,</strong></span> <span class='ocrx_word' id='word_1_358' title='bbox 732 2381 840 2414; x_wconf 91' lang='lat' dir='ltr'><strong>quum</strong></span> <span class='ocrx_word' id='word_1_359' title='bbox 873 2370 1011 2404; x_wconf 89' lang='lat' dir='ltr'><strong>bellum</strong></span> <span class='ocrx_word' id='word_1_360' title='bbox 1042 2370 1249 2405; x_wconf 84' lang='lat' dir='ltr'><strong>intestinum</strong></span> <span class='ocrx_word' id='word_1_361' title='bbox 1272 2371 1412 2416; x_wconf 85' lang='lat' dir='ltr'><strong>signifi-</strong></span> 
     </span>
     <span class='ocr_line' id='line_1_38' title="bbox 46 2429 1412 2475; baseline 0.001 -12"><span class='ocrx_word' id='word_1_362' title='bbox 46 2429 201 2463; x_wconf 80' lang='lat' dir='ltr'><strong>candum</strong></span> <span class='ocrx_word' id='word_1_363' title='bbox 225 2433 339 2472; x_wconf 87' lang='lat' dir='ltr'><strong>esset,</strong></span> <span class='ocrx_word' id='word_1_364' title='bbox 373 2435 487 2474; x_wconf 75' lang='lat' dir='ltr'><strong>quam‘</strong></span> <span class='ocrx_word' id='word_1_365' title='bbox 514 2431 644 2465; x_wconf 90' lang='lat' dir='ltr'><strong>decore</strong></span> <span class='ocrx_word' id='word_1_366' title='bbox 676 2431 820 2474; x_wconf 86' lang='lat' dir='ltr'><strong>dixerit,</strong></span> <span class='ocrx_word' id='word_1_367' title='bbox 855 2431 1030 2466; x_wconf 78' lang='lat' dir='ltr'><strong>invidiam</strong></span> <span class='ocrx_word' id='word_1_368' title='bbox 1052 2432 1203 2475; x_wconf 89' lang='lat' dir='ltr'><strong>loquens</strong></span> <span class='ocrx_word' id='word_1_369' title='bbox 1227 2431 1412 2475; x_wconf 88' lang='lat' dir='ltr'><strong>improbo-</strong></span> 
     </span>
     <span class='ocr_line' id='line_1_39' title="bbox 44 2491 1412 2538; baseline 0.001 -14"><span class='ocrx_word' id='word_1_370' title='bbox 44 2501 124 2525; x_wconf 84' lang='lat' dir='ltr'><strong>rum</strong></span> <span class='ocrx_word' id='word_1_371' title='bbox 152 2491 341 2526; x_wconf 84' lang='lat' dir='ltr'><strong>hominum</strong></span> <span class='ocrx_word' id='word_1_372' title='bbox 365 2496 401 2526; x_wconf 88' lang='lat' dir='ltr'><strong>et</strong></span> <span class='ocrx_word' id='word_1_373' title='bbox 424 2493 662 2538; x_wconf 83' lang='lat' dir='ltr'><strong>ingratorum,</strong></span> <span class='ocrx_word' id='word_1_374' title='bbox 688 2493 806 2537; x_wconf 79' lang='lat' dir='ltr'><strong>ipsam</strong></span> <span class='ocrx_word' id='word_1_375' title='bbox 826 2503 914 2527; x_wconf 77' lang='lat' dir='ltr'><strong>vero</strong></span> <span class='ocrx_word' id='word_1_376' title='bbox 936 2493 1175 2538; x_wconf 87' lang='lat' dir='ltr'><strong>proditionem</strong></span> <span class='ocrx_word' id='word_1_377' title='bbox 1192 2493 1412 2537; x_wconf 85' lang='lat' dir='ltr'><strong>propinquo—</strong></span> 
     </span>
     <span class='ocr_line' id='line_1_40' title="bbox 45 2554 1411 2598; baseline 0.001 -13"><span class='ocrx_word' id='word_1_378' title='bbox 45 2562 139 2594; x_wconf 85' lang='lat' dir='ltr'><strong>rum,</strong></span> <span class='ocrx_word' id='word_1_379' title='bbox 157 2563 250 2595; x_wconf 85' lang='lat' dir='ltr'><strong>quae</strong></span> <span class='ocrx_word' id='word_1_380' title='bbox 267 2556 392 2588; x_wconf 82' lang='lat' dir='ltr'><strong>contra</strong></span> <span class='ocrx_word' id='word_1_381' title='bbox 406 2558 575 2589; x_wconf 87' lang='lat' dir='ltr'><strong>naturam</strong></span> <span class='ocrx_word' id='word_1_382' title='bbox 592 2558 696 2597; x_wconf 85' lang='lat' dir='ltr'><strong>esset,</strong></span> <span class='ocrx_word' id='word_1_383' title='bbox 715 2566 760 2588; x_wconf 92' lang='lat' dir='ltr'><strong>ne</strong></span> <span class='ocrx_word' id='word_1_384' title='bbox 776 2555 890 2588; x_wconf 80' lang='lat' dir='ltr'><strong>verbo</strong></span> <span class='ocrx_word' id='word_1_385' title='bbox 906 2554 1050 2598; x_wconf 84' lang='lat' dir='ltr'><strong>quidem</strong></span> <span class='ocrx_word' id='word_1_386' title='bbox 1065 2554 1204 2589; x_wconf 79' lang='lat' dir='ltr'><strong>effatus.</strong></span> <span class='ocrx_word' id='word_1_387' title='bbox 1228 2555 1300 2589; x_wconf 88' lang='lat' dir='ltr'><strong>Sed</strong></span> <span class='ocrx_word' id='word_1_388' title='bbox 1317 2555 1411 2588; x_wconf 86' lang='lat' dir='ltr'><strong>haec</strong></span> 
     </span>
     <span class='ocr_line' id='line_1_41' title="bbox 45 2612 1412 2659; baseline 0.001 -12"><span class='ocrx_word' id='word_1_389' title='bbox 45 2612 192 2657; x_wconf 79' lang='lat' dir='ltr'><strong>quidem</strong></span> <span class='ocrx_word' id='word_1_390' title='bbox 222 2614 387 2659; x_wconf 82' lang='lat' dir='ltr'><strong>mythice</strong></span> <span class='ocrx_word' id='word_1_391' title='bbox 420 2615 578 2650; x_wconf 80' lang='lat' dir='ltr'><strong>indicata</strong></span> <span class='ocrx_word' id='word_1_392' title='bbox 609 2619 699 2650; x_wconf 90' lang='lat' dir='ltr'><strong>sunt.</strong></span> <span class='ocrx_word' id='word_1_393' title='bbox 745 2616 878 2649; x_wconf 86' lang='lat' dir='ltr'><strong>Verum</strong></span> <span class='ocrx_word' id='word_1_394' title='bbox 910 2616 1019 2650; x_wconf 85' lang='lat' dir='ltr'><strong>redeo</strong></span> <span class='ocrx_word' id='word_1_395' title='bbox 1053 2615 1088 2649; x_wconf 87' lang='lat' dir='ltr'><strong>iu</strong></span> <span class='ocrx_word' id='word_1_396' title='bbox 1112 2615 1223 2650; x_wconf 80' lang='lat' dir='ltr'><strong>viam.</strong></span> <span class='ocrx_word' id='word_1_397' title='bbox 1273 2615 1332 2649; x_wconf 86' lang='grc'><strong>01.</strong></span> <span class='ocrx_word' id='word_1_398' title='bbox 1352 2616 1412 2658; x_wconf 81' lang='lat' dir='ltr'><strong>VI,</strong></span> 
     </span>
    </p>
   </div>
   <div class='ocr_carea' id='block_1_3' title="bbox 43 2673 1410 2761">
    <p class='ocr_par' dir='ltr' id='par_1_4' title="bbox 43 2673 1410 2761">
     <span class='ocr_line' id='line_1_42' title="bbox 43 2673 1410 2720; baseline 0.002 -12"><span class='ocrx_word' id='word_1_399' title='bbox 43 2673 90 2708; x_wconf 72' lang='lat'><strong>74</strong></span> <span class='ocrx_word' id='word_1_400' title='bbox 111 2685 209 2720; x_wconf 82' lang='lat' dir='ltr'><strong>seqq.</strong></span> <span class='ocrx_word' id='word_1_401' title='bbox 232 2677 445 2718; x_wconf 79' lang='lat' dir='ltr'><strong>revertitur,</strong></span> <span class='ocrx_word' id='word_1_402' title='bbox 469 2681 509 2713; x_wconf 90' lang='lat' dir='ltr'><strong>ut</strong></span> <span class='ocrx_word' id='word_1_403' title='bbox 532 2678 658 2720; x_wconf 87' lang='lat' dir='ltr'><strong>debet,</strong></span> <span class='ocrx_word' id='word_1_404' title='bbox 683 2678 729 2713; x_wconf 88' lang='lat' dir='ltr'><strong>ad</strong></span> <span class='ocrx_word' id='word_1_405' title='bbox 753 2677 927 2713; x_wconf 80' lang='lat' dir='ltr'><strong>victoriae</strong></span> <span class='ocrx_word' id='word_1_406' title='bbox 951 2679 1097 2713; x_wconf 88' lang='lat' dir='ltr'><strong>laudem</strong></span> <span class='ocrx_word' id='word_1_407' title='bbox 1125 2676 1410 2718; x_wconf 78' lang='lat' dir='ltr'><strong>absolvendam3</strong></span> 
     </span>
     <span class='ocr_line' id='line_1_43' title="bbox 1076 2737 1136 2761; baseline 0 0"><span class='ocrx_word' id='word_1_408' title='bbox 1076 2737 1097 2761; x_wconf 80' lang='lat'>*</span> <span class='ocrx_word' id='word_1_409' title='bbox 1115 2739 1136 2761; x_wconf 50' lang='grc' dir='ltr'><strong>ιι</strong></span> 
     </span>
    </p>
   </div>
  </div>
 </body>
</html>
