1751 2986
1413 149 1452 176 LI

144 204 149 217 l

86 237 241 272 divisam
263 234 300 271 in
325 237 413 270 duos
437 238 535 270 locos
558 236 875 281 interpositamque
897 237 1082 281 fabulam,
1107 250 1219 283 quae,
1244 252 1353 284 quum
1377 242 1449 276 duo

83 299 366 344 παραδείγματα
391 298 573 340 exhibeat,
597 298 712 331 exitus
745 298 853 332 simul
879 300 1061 343 explicare
1087 302 1221 343 debuit,
1246 314 1314 346 quo
1341 304 1451 346 perti-

83 352 200 394 neant.
259 360 438 393 Discimus
477 364 596 393 autem
633 359 685 392 ibi
716 360 825 393 etiam
861 362 1024 395 curulem
1064 361 1252 397 victoriam
1283 356 1448 400 meditari

82 433 221 466 regem,
245 425 350 464 atque
373 421 424 454 ita
449 421 698 466 intelligimuS,
723 434 787 454 cur
806 423 1000 457 admonitio
1019 436 1100 457 cum
1125 426 1231 459 laude
1248 426 1367 460 iuncta
1390 427 1448 469 sit,

82 492 145 516 cur
167 483 333 516 hortetur
357 486 481 526 poeta,
514 487 554 516 ut
584 483 663 526 pius
697 495 757 516 rex
790 484 836 517 sit
867 490 901 518 et
932 496 954 518 a
985 487 1156 529 superbia
1189 488 1347 529 alienus,
1385 500 1449 522 cur

81 545 267 588 proposita
300 544 446 578 Tantali
484 555 601 588 poena
639 549 673 578 et
706 545 862 579 felicitas
898 548 1040 591 Pelopis
1073 559 1094 581 a
1127 550 1290 593 Neptuno
1322 550 1446 584 amati.

80 606 242 650 Denique
277 605 312 639 in
337 606 520 650 prooemio
553 607 750 640 nuntiatum
775 612 964 652 utrumque
990 614 1053 651 est,
1091 610 1228 644 directa
1252 613 1332 645 laus
1359 612 1446 646 llie-

79 667 176 700 tonis
210 672 245 701 et
270 667 432 712 mythica
457 668 670 712 Olympiam
702 669 849 702 interior
874 682 959 702 xero
992 682 1117 703 sensus
1142 672 1351 706 fabularum
1376 685 1446 706 nou

72 729 272 773 nuntiatur,
295 730 357 762 sed
379 729 560 774 colligitur
576 741 619 762 ex
643 730 699 771 iis,
724 742 816 773 quae
840 731 926 773 dixi,
952 736 986 764 et
1010 744 1053 765 cx
1078 732 1243 766 formulis
1267 734 1447 778 reliwiosis

77 791 139 824 hic
163 791 238 824 illic
263 790 398 834 positis
418 811 457 815 -
486 791 541 824 01
565 792 628 824 111.
655 791 690 824 in
717 792 901 834 prooemio
927 793 1352 839 detlic'itu1·T5ndaridis
1379 797 1445 829 ho-

77 851 268 896 spitalibus
302 862 449 886 carmen
478 853 514 886 in
547 853 728 886 Theronis
761 853 951 887 *Uictori-uu
985 866 1077 888 noxo
1119 856 1306 900 splendido
1336 859 1444 891 modo

77 914 373 958 componendum.
406 914 555 958 Iamque
579 926 679 948 orsus
703 915 840 948 directa
865 917 1024 949 oratione
1044 917 1218 950 victoriae
1237 916 1345 949 liuius
1363 919 1444 951 lau-

76 975 158 1009 dem
192 987 235 1009 ex
267 987 400 1009 corona
422 981 606 1021 reportata
639 977 805 1016 ductam,
836 988 920 1010 mox
953 978 999 1010 ad
1025 978 1189 1012 fabulam
1215 980 1259 1013 de
1285 981 1442 1014 oleastro

74 1037 212 1078 transit,
238 1042 416 1082 postremo
443 1039 488 1071 ad
512 1039 684 1072 directam
708 1039 853 1072 laudem
878 1039 976 1083 reg-is
999 1051 1167 1073 reversus
1192 1045 1339 1085 propter
1364 1042 1442 1086 pie-

74 1102 186 1133 tatem
218 1099 322 1132 docet
345 1099 572 1144 Tyndaridas
596 1100 796 1143 hospitales
821 1101 980 1134 Tlieroni
1017 1102 1109 1135 hanc
1134 1103 1245 1135 talem
1270 1114 1441 1137 coronam

73 1160 232 1203 dedisse,
271 1172 341 1205 qua
371 1172 411 1195 re
442 1166 476 1195 et
518 1172 626 1194 causa
664 1161 838 1195 victoriae
882 1162 1082 1205 explicatur
1115 1168 1150 1198 et
1183 1165 1362 1199 dedicatio
1405 1166 1441 1199 in

72 1223 257 1267 prooemio
282 1223 409 1267 posita.
464 1223 511 1256 Ut
534 1223 601 1256 rite
627 1223 811 1256 confectus
836 1222 882 1256 sit
905 1223 1013 1256 orbis.
1071 1225 1212 1260 Fabula
1238 1232 1359 1261 autem
1384 1228 1439 1262 in-

71 1285 244 1330 terposita
268 1285 378 1319 etiam
401 1285 462 1319 hic
487 1286 609 1328 pulcre
634 1285 793 1318 nuntiata
819 1284 851 1317 in
878 1286 1063 1328 prooemio
1089 1291 1160 1330 est,
1187 1289 1248 1322 ubi
1272 1290 1439 1333 νεοσίγα-

69 1350 134 1382 λον
158 1345 298 1393 τρόπον
321 1345 507 1391 promittit,
533 1346 777 1389 pertiuentquc
803 1347 929 1379 eodem
956 1347 989 1379 in
1009 1349 1237 1391 sequentibus
1255 1349 1439 1395 θεύμοροι

68 1407 208 1444 αόιδαί.
240 1428 283 1433 -
317 1409 374 1443 01.
408 1408 499 1440 ΠΗ.
535 1407 568 1440 in
602 1408 826 1441 dedicatione
861 1409 1055 1451 prooemii,
1098 1409 1261 1443 immixta
1294 1411 1438 1454 pictatis

69 1472 196 1513 laude,
232 1471 414 1504 nuntiatur
446 1469 595 1502 victoria
627 1469 896 1503 Alcimedontis.
960 1471 1107 1513 lamque
1141 1482 1243 1504 orsus
1278 1472 1324 1505 ab
1357 1472 1436 1516 ipsa

67 1532 208 1567 ludicra
239 1533 372 1566 virtute
402 1543 486 1564 mox
517 1531 719 1574 mythicum
761 1533 879 1564 locum
912 1531 1104 1575 interponit
1136 1533 1179 1565 de
1216 1534 1436 1576 praestantia

65 1593 238 1640 Aeginae,
264 1598 445 1638 postremo
470 1593 516 1626 ad
539 1593 697 1639 ludicras
720 1604 778 1625 res
800 1595 1072 1636 pertractandas
1097 1594 1199 1626 redit.
1246 1595 1434 1639 Mythicus

64 1657 165 1690 locus
199 1659 506 1699 praemonstratur
542 1655 577 1688 in
619 1654 803 1698 prooemio
845 1667 907 1699 per
938 1656 1081 1689 laudem
1116 1655 1258 1698 pietatis
1294 1660 1328 1690 et
1369 1669 1434 1701 per

61 1717 364 1763 significationem
387 1716 546 1751 vaticinii
570 1716 805 1750 Alcimedonti
834 1717 927 1758 dati,
961 1718 990 1750 si
1017 1718 1159 1761 quidem
1186 1718 1257 1751 hae
1282 1730 1339 1751 res
1366 1731 1430 1763 per

64 1779 203 1813 insulae
228 1783 264 1814 et
282 1779 521 1813 Aeacidarum
540 1780 685 1812 laudem
712 1779 757 1811 ad
780 1778 944 1812 altiorem
965 1790 1113 1812 causam
1138 1790 1240 1812 suam
1256 1791 1432 1814 revocan-

62 1844 130 1875 tur.
177 1840 351 1886 Vulgaria
373 1841 612 1885 explicatione
643 1852 712 1874 non
739 1845 867 1885 egent,
901 1846 937 1874 at
960 1841 1124 1875 illustria.
1184 1842 1319 1876 Pendet
1343 1854 1431 1876 vero

63 1913 83 1936 e
108 1906 272 1936 veterum
295 1902 470 1936 sententia
494 1902 639 1937 fortuna
663 1907 698 1936 et
723 1902 833 1936 virtus
857 1903 1083 1947 singulorum
1109 1903 1242 1936 civium
1268 1915 1287 1937 e
1312 1904 1431 1948 gentis

61 1966 124 1996 aut
149 1962 305 1997 civitatis
327 1964 455 2009 genio,
492 1968 527 1998 et
557 1963 640 1997 inde
673 1964 845 2008 explicari
869 1966 986 1998 debet.
1043 1965 1158 2007 Atque
1193 1965 1261 1997 hoc
1285 1966 1366 1998 loco
1392 1970 1429 2000 ut

59 2024 240 2069 mythicus
265 2026 365 2059 locus
389 2025 637 2059 antecedentia
660 2026 835 2069 explicat,
866 2026 918 2058 sic
951 2025 1028 2069 ipse
1061 2026 1201 2068 penitus
1227 2027 1428 2069 explicatur

60 2086 156 2120 exitu
195 2087 382 2131 carminis,
429 2088 492 2121 ubi
531 2088 628 2120 omni
670 2087 778 2120 modo
819 2088 992 2119 extollens
1031 2092 1137 2130 poeta
1180 2086 1428 2123 fortitudinem

59 2148 174 2192 pueri,
199 2148 251 2181 sic
272 2149 449 2182 rationem
472 2148 606 2190 reddit,
631 2160 701 2191 quo
724 2147 801 2181 iure
825 2147 980 2181 illustria
997 2148 1237 2182 Aeacidarum
1262 2150 1427 2185 facinora

59 2209 337 2253 comparaverit.
392 2210 515 2244 Semel
539 2210 610 2242 hoc
634 2209 800 2242 disertius
825 2219 970 2251 mone0‚
1004 2209 1113 2243 etiam
1137 2209 1171 2243 in
1198 2211 1278 2245 aliis
1303 2213 1426 2246 multis

58 2271 280 2304 carminibus
302 2272 504 2305 tenendum.
531 2291 576 2296 ——
600 2271 707 2316 Pyth.
733 2271 771 2303 V.
797 2271 831 2304 in
858 2271 1042 2314 prooemio
1065 2273 1192 2306 thema
1220 2276 1319 2317 ponit
1342 2276 1425 2318 plu—

57 2333 191 2366 rimum
213 2334 337 2367 valere
362 2333 526 2375 divitias,
559 2345 640 2366 cum
664 2333 797 2366 virtute
823 2332 851 2365 si
877 2332 1086 2366 coniunctae
1110 2334 1198 2377 sint,
1223 2337 1316 2379 quod
1341 2348 1424 2380 per-

56 2393 219 2438 spicuum
243 2395 330 2428 dicit
355 2406 432 2429 esse
456 2396 490 2429 in
514 2396 699 2428 Arcesilae
726 2394 883 2437 victore,
907 2405 929 2428 a
952 2406 1062 2438 puero
1084 2397 1240 2441 gloriam
1272 2410 1334 2442 per
1353 2400 1424 2432 Ca-

55 2458 190 2489 storem
213 2455 273 2499 qui
295 2456 475 2491 habuerit.
509 2458 658 2501 lamque
683 2459 813 2491 tractat
831 2455 1023 2489 victoriam
1048 2459 1208 2492 curulem
1224 2461 1334 2504 regis,
1359 2461 1422 2494 sed

53 2515 217 2552 immixta
242 2518 352 2552 etiam
376 2522 519 2552 ceterae
535 2519 698 2553 fortunae
722 2518 848 2564 regiae
870 2517 1049 2550 mentione
1070 2519 1272 2564 ducensque
1298 2534 1341 2555 ex
1366 2521 1422 2554 liis

20 2580 23 2590 '
55 2578 222 2612 laudibus
246 2579 442 2614 coniunctis
473 2579 582 2615 simul
606 2581 877 2614 admonitiones.
926 2579 1018 2612 Exin
1043 2581 1200 2615 narratio
1232 2584 1276 2616 de
1301 2583 1421 2625 Batto,

55 2643 202 2675 auctore
226 2642 356 2686 gentis,
379 2642 625 2686 interponitur.
662 2644 850 2677 Postremo
874 2642 1011 2676 directa
1035 2642 1197 2677 oratione
1215 2645 1260 2678 ad
1277 2643 1420 2678 Arcesi-

1020 2701 1110 2729 *ιη*
1125 2704 1151 2742 2
