1751 2986
332 203 383 230 XL

333 295 491 340 prudens
514 292 650 328 amicos
673 292 742 326 sibi
766 295 868 336 paret
891 290 1148 335 hospitalitate.
1206 292 1359 336 Propria
1381 303 1469 326 vero
1491 292 1585 326 ratio
1608 291 1695 325 Pin—

334 357 431 398 dari,
473 355 569 399 quod
606 364 716 396 saepe
747 353 784 385 in
821 352 895 386 alia
933 356 1036 396 parte
1079 352 1206 387 alludit
1241 354 1286 386 ad
1328 353 1451 387 aliam.
1505 353 1578 387 Sed
1609 354 1695 386 nolo

333 419 441 462 plura
476 416 628 454 afferre3
667 414 754 447 satis
794 413 904 447 etiam
937 414 980 447 de
1019 414 1091 447 hac
1127 426 1166 447 re
1199 414 1347 447 dictum.
1406 414 1587 459 Expositis
1622 414 1696 459 igi-

334 484 391 514 tur
420 478 606 517 omnibus,
639 486 731 518 quae
762 474 870 508 huius
900 475 973 508 loci
1000 475 1235 517 videbantur,
1266 475 1312 509 ad
1343 476 1455 510 aliam
1490 476 1698 510 accedimus

333 540 594 584 quaestionem.

424 599 590 634 Tertium
614 598 709 631 enim
734 598 779 631 de
803 598 1170 642 praeparatione
1194 610 1348 632 rerum
1373 599 1409 633 in
1431 599 1697 634 narrationibus

332 662 542 697 fabularum
568 660 748 703 explicare
774 660 949 702 constitui,
974 671 1082 703 quam
1098 671 1176 692 rem
1194 660 1274 693 fieri
1300 670 1368 692 non
1387 662 1500 704 potuit
1523 661 1698 704 quinium

333 724 370 757 in
394 721 688 757 antecedentibus
710 725 954 766 tangeremus,
979 732 1071 753 nunc
1095 725 1215 754 autem
1234 721 1397 764 pluribus
1420 723 1542 756 verbis
1566 726 1700 756 tracta-

333 785 463 826 bimus,
485 787 656 828 quantum
675 784 819 826 quidem
839 783 944 816 huius
967 782 1215 826 disputationis
1230 782 1320 815 ratio
1341 782 1549 824 postulabit.
1574 782 1699 827 Igitur,

335 850 375 880 ut
397 846 482 880 hinc
514 846 655 887 ordiar,
683 845 918 888 disponuntur
951 844 1027 876 fere
1060 855 1117 877 res
1141 844 1176 877 in
1208 843 1473 877 narrationibus
1503 844 1700 877 secundum

333 912 538 951 temporum
561 905 842 940 successionem:
880 905 978 948 prius
1002 906 1096 948 quod
1120 905 1253 938 factum
1286 910 1451 938 narratur
1485 905 1563 938 fere
1589 905 1700 948 prim,

334 969 462 1003 deinde
492 972 656 1002 narratur
689 968 783 1011 quod
812 967 950 1000 factum
983 967 1133 1006 deinde3
1166 968 1381 1010 copulantur
1412 971 1532 1000 autem
1554 967 1701 1011 singula

333 1042 400 1074 per
423 1030 677 1071 transitus,
713 1029 791 1061 sive
816 1028 983 1061 continuo
1015 1039 1059 1061 ex
1084 1028 1375 1061 antecedentibus
1406 1027 1468 1061 via
1492 1027 1630 1061 munita
1653 1028 1701 1061 ad

333 1092 522 1135 sequentia
552 1102 617 1135 per
652 1091 950 1124 continuationem
987 1094 1048 1123 aut
1072 1089 1351 1132 oppositionem,
1387 1089 1466 1122 sive
1489 1089 1701 1133 interposito

334 1153 406 1187 alio
426 1154 517 1195 loco,
541 1153 601 1196 qui
627 1164 691 1197 pro
716 1153 861 1186 vinculo
880 1151 935 1194 sit,
959 1151 1072 1185 veluti
1092 1162 1201 1194 supra
1227 1151 1262 1184 in
1286 1151 1402 1195 capite
1423 1152 1466 1184 de
1489 1152 1702 1185 tractatione

333 1214 471 1248 directa
503 1215 548 1247 de
577 1214 844 1258 interpositione
876 1225 1025 1257 precum
1050 1214 1275 1256 aliarumque
1307 1214 1563 1246 sententiarum
1586 1213 1701 1246 verbo

331 1277 545 1309 monuimus
603 1275 676 1308 Sed
700 1276 793 1308 haec
829 1274 1039 1318 compositio
1072 1286 1135 1317 per
1177 1286 1215 1308 se
1241 1278 1360 1307 tamen
1396 1276 1480 1308 laxa
1511 1278 1547 1307 et
1571 1285 1701 1318 parum

333 1341 435 1371 arcta
458 1336 584 1378 fuerit,
616 1336 684 1369 nisi
716 1336 825 1369 etiam
849 1334 1143 1379 praeparationes
1174 1334 1285 1368 scitae
1309 1335 1426 1368 adsint
1455 1340 1490 1369 et
1512 1335 1702 1369 interiores
1747 1332 1751 1364 ᾗ

332 1409 462 1440 nexuS,
493 1401 531 1431 ut
561 1397 828 1440 exspectatione
862 1397 1018 1430 traharis
1049 1397 1095 1429 ad
1117 1397 1302 1440 sequentia
1326 1400 1361 1430 et
1393 1395 1535 1441 singula
1561 1407 1605 1429 ex
1626 1396 1701 1430 sin=

333 1460 430 1505 gulis
454 1459 555 1502 quasi
579 1462 706 1502 sponte
731 1458 901 1491 oriantur.
948 1456 1019 1501 Qui
1042 1456 1177 1500 scripto
1201 1468 1270 1490 uno
1295 1459 1376 1491 loco
1394 1457 1590 1490 secundum
1615 1457 1702 1490 sub-

332 1520 426 1560 iicit,
451 1520 609 1554 secundo
632 1518 799 1559 tertium,
824 1518 895 1550 hoc
919 1519 995 1550 solo
1019 1518 1127 1550 modo
1155 1530 1223 1550 non
1247 1519 1354 1560 facit,
1389 1523 1429 1551 ut
1461 1518 1701 1561 praesentiam

332 1581 417 1625 quid
440 1584 673 1624 sequuturum
696 1579 753 1620 sit,
779 1582 815 1611 et
838 1582 954 1621 potest
977 1578 1021 1610 ad
1048 1578 1294 1612 diversissima
1319 1590 1481 1622 quaeque
1496 1579 1704 1614 artificiosis

331 1641 504 1677 iuncturis
529 1641 706 1674 deducere
738 1639 915 1684 paulatim
938 1640 1129 1682 lectorem,
1165 1641 1233 1675 nisi
1257 1646 1339 1675 ante
1365 1645 1500 1675 constet
1524 1652 1593 1685 quo
1617 1652 1702 1685 spe-

334 1709 430 1739 ctent
460 1705 554 1738 haec
589 1703 730 1743 omnia,
763 1713 832 1745 quo
865 1701 989 1735 tendat
1021 1712 1165 1744 cursus,
1197 1702 1281 1745 quid
1314 1708 1523 1747 exspectare
1553 1704 1699 1739 debeas,

331 1767 439 1800 Vides
462 1769 607 1810 praeter
625 1763 833 1798 transeundi
858 1768 973 1797 artem
992 1763 1101 1797 etiam
1119 1763 1191 1798 alia
1206 1764 1348 1798 ratione
1365 1776 1456 1809 opus
1477 1777 1568 1805 esse,
1593 1776 1701 1809 quam

331 1827 647 1872 praeparationem
679 1824 841 1859 dicimus.
906 1825 1051 1868 Optime
1082 1825 1195 1869 igitur
1225 1825 1422 1859 institutum
1455 1832 1510 1861 est
1541 1838 1563 1860 a
1593 1831 1703 1871 poeta

332 1889 428 1932 quod
451 1898 561 1932 supra
585 1887 833 1931 explicuimus,
857 1890 897 1920 ut
921 1885 954 1919 in
976 1885 1094 1920 fronte
1115 1888 1328 1921 narrationis
1345 1890 1469 1922 thema
1487 1893 1607 1933 ponat,
1631 1900 1702 1933 quo

331 1960 506 1983 revocare
531 1949 653 1982 omnia
675 1948 786 1989 velit3
818 1949 890 1981 hoc
916 1947 1011 1981 enim
1035 1948 1190 1983 artificio
1222 1954 1258 1983 et
1291 1950 1511 1994 exspectatio
1535 1954 1701 1984 movetur

332 2010 557 2055 sequentium
593 2014 628 2044 et
652 2011 745 2043 haec
768 2011 848 2054 ipsa
863 2010 1024 2043 firmiore
1045 2010 1190 2044 vinculo
1210 2011 1512 2056 constringuntur,
1538 2017 1576 2046 ut
1600 2012 1702 2055 quasi

331 2072 558 2105 necessariae
582 2076 703 2115 partes
729 2072 890 2105 eiusdem
914 2071 966 2104 rei
989 2071 1189 2105 videantur.
1238 2073 1340 2116 Quae
1364 2073 1455 2106 ratio
1481 2084 1546 2117 per
1569 2084 1608 2106 se
1631 2072 1702 2106 im-

332 2134 530 2177 perfectior
555 2137 618 2175 est,
644 2134 704 2166 ubi
727 2133 947 2167 indefinitius
972 2133 1096 2167 thema
1120 2133 1273 2177 ponitur,
1299 2135 1411 2168 veluti
1428 2134 1485 2169 ΟΙ-
1504 2135 1566 2168 lx.
1591 2146 1703 2178 quum

332 2195 485 2238 Opuntis
509 2195 607 2228 urbis
627 2197 706 2229 laus
725 2195 955 2239 promittitur,
981 2206 1045 2238 per
1072 2206 1110 2228 se
1127 2207 1171 2228 ex
1187 2195 1251 2229 illo
1270 2195 1370 2229 titulo
1390 2195 1546 2240 intelligi
1568 2196 1700 2239 nequit,

331 2256 395 2289 ubi
419 2255 612 2289 subsistere
638 2257 768 2290 debeat
794 2256 966 2298 narratio,
991 2257 1053 2290 sed
1077 2257 1127 2290 ibi
1149 2261 1266 2290 tamen
1292 2257 1364 2290 alio
1388 2259 1495 2291 modo
1519 2258 1702 2292 succurri-

331 2320 389 2351 tur
412 2318 577 2360 themati,
603 2330 711 2361 quum
738 2319 899 2361 perlecta
923 2317 1128 2350 narratione
1151 2318 1230 2360 ipsa
1253 2318 1345 2350 ratio
1367 2330 1490 2352 rerum
1513 2323 1548 2352 te
1574 2320 1703 2352 doceat

331 2377 475 2411 finitum
501 2390 579 2412 esse
603 2390 758 2412 cursum.
808 2379 901 2412 Nam
926 2389 947 2411 a
971 2378 1107 2412 diluvio
1129 2390 1231 2415 orsus
1254 2390 1366 2422 usque
1391 2391 1434 2413 eo
1452 2381 1595 2415 deducit
1618 2391 1702 2414 nar-
1750 2413 1751 2422 ,

331 2438 520 2480 rationem,
546 2439 659 2473 donec
683 2439 824 2473 civibus
851 2435 995 2482 plenam
1020 2442 1055 2472 ct
1075 2438 1194 2482 gloria
1219 2439 1373 2473 heroum
1400 2441 1619 2476 illustratam
1644 2442 1702 2476 vi-
1750 2436 1751 2443 ¹

333 2500 484 2535 deamus
514 2501 654 2535 urbem.
710 2501 847 2535 Similis
886 2500 978 2534 ratio
1011 2503 1064 2533 est
1089 2499 1146 2533 01.
1170 2500 1228 2533 vl.
1287 2500 1455 2546 Origines
1478 2503 1702 2537 Iamidarum

332 2563 515 2607 explicare
538 2564 616 2596 vult
640 2564 692 2606 (v.
718 2561 815 2606 240,
851 2562 912 2605 qui
945 2573 1010 2605 per
1033 2572 1072 2595 se
1101 2561 1319 2595 indefinitior
1351 2563 1493 2603 titulus3
1525 2564 1589 2597 ubi
1612 2574 1701 2597 vero

333 2634 436 2658 orsus
461 2633 484 2658 a
508 2623 634 2668 primis
664 2623 775 2658 initiis
798 2624 901 2658 Iamo
925 2621 1146 2656 vaticinandi
1182 2626 1299 2656 artem
1321 2623 1356 2656 in
1381 2623 1554 2669 Olympia
1578 2625 1701 2659 datam

333 2685 497 2722 narravit
518 2684 746 2731 Iamidasque
769 2686 853 2721 inde
877 2686 995 2720 claros
1013 2684 1131 2720 factos
1147 2696 1211 2729 per
1230 2685 1423 2721 Graeciam
1440 2691 1476 2723 et
1490 2687 1701 2729 fortunatos,
