1751 2986
673 56 1056 116 CARMINUM.
1465 93 1530 122 011

166 178 297 225 Pyth.
323 177 420 213 vm.
465 178 683 213 Aristomeni
707 180 880 214 Xenarcis
904 180 931 214 f.
957 179 1175 225 Aeginetae,
1206 180 1303 215 lucta
1327 182 1418 217 inter
1440 195 1529 228 pue-

232 247 292 269 ros
317 235 446 270 victori
468 236 574 280 Pyth.
599 235 654 269 33.
681 236 736 270 Ol.
761 236 817 278 80,
841 236 874 270 3.
921 236 1092 280 Delphis,
1118 239 1158 270 ut
1180 237 1332 283 videtur,
1355 241 1529 285 scriptum

233 295 422 336 praesente
446 295 523 326 tum
547 293 723 334 Pindaro,
746 292 907 336 Aeginae
931 296 1123 326 cantatum.

166 348 301 392 Pyth.
326 348 388 382 lx.
446 348 659 382 Telesicrati
693 349 904 382 Carneadae
937 349 957 382 f
1009 349 1213 393 Cyrenaeo,
1247 355 1387 386 armato
1422 365 1528 388 eursu

234 405 365 439 victori
389 405 494 448 Pyth.
514 404 568 437 28.
595 405 740 449 Olymp.
756 404 812 446 75,
838 404 870 438 3.
897 409 978 438 ante
1001 406 1155 439 reditum
1174 407 1334 451 Cyrenas
1356 410 1529 455 seriptum

235 464 272 494 et
295 465 497 501 cantatum,
521 460 675 494 fortasse
699 462 851 495 Thebis.

166 517 300 561 Pyth.
333 519 377 551 X.
436 518 660 560 Hippocleae
691 517 858 551 Phriciae
889 517 915 550 f.
947 517 1213 560 Pelinnaeensi,
1247 519 1368 554 diaulo
1400 522 1530 557 victori

234 573 342 617 Pyth.
369 573 425 606 22.
451 573 598 617 Olymp.
621 573 686 615 (59,
711 573 743 607 3.
791 573 947 607 Pindaro
972 584 1082 606 annos
1107 575 1171 607 XX
1208 579 1313 616 nato3
1346 581 1529 612 cantatum

235 629 471 672 probabiliter
495 628 529 662 in
554 640 688 673 pompa
711 640 732 662 a
758 630 868 662 choro
883 630 1178 674 Crannoniorum,
1201 633 1328 666 urbem
1345 634 1529 669 Larissam

237 683 472 729 ingrediente.

167 739 296 785 Pyth.
330 740 392 773 XI.
451 741 691 784 Thrasydaeo
724 741 903 774 Thebano
946 742 1062 775 stadio
1103 741 1194 776 inter
1231 756 1362 787 pueros
1399 747 1530 782 victori

236 796 343 840 Pyth.
368 794 422 828 28.
448 796 592 840 Olymp.
619 795 675 838 75,
698 796 730 829 3.
779 797 919 829 Thebis
945 801 1126 832 cantatum
1149 799 1185 832 in
1209 811 1343 844 pompa
1368 804 1414 837 ad
1438 808 1529 838 tem-

235 852 337 895 plum
359 851 534 895 Apollinis
558 852 704 886 Ismenii
728 853 844 886 ducta.

167 907 296 952 Pyth.
320 908 400 941 ΧΠ.
458 908 581 941 Midae
606 908 841 953 Agrigentino
876 909 973 942 tibiis
1001 909 1129 944 victori
1160 912 1267 956 Pyth.
1293 913 1348 947 2⁴.
1383 917 1443 950 vel
1472 915 1526 950 25.

236 963 401 1009 (olymp.
425 963 482 1007 71,
506 964 540 999 3.
565 966 626 999 vel
650 964 707 1005 72,
731 965 784 1008 3.)
831 965 1022 1009 Agrigenti
1047 971 1230 1003 cantatum
1253 970 1287 1003 in
1313 982 1459 1016 pompa.

637 1105 1057 1151 NEMEA.

169 1187 290 1223 Nem.
315 1188 343 1222 1.
390 1188 563 1222 Chromio
586 1189 795 1234 Agesidami
819 1190 844 1224 f.
869 1191 1051 1233 Aetnaeo,
1078 1204 1184 1226 curru
1207 1193 1337 1227 victori
1362 1201 1441 1239 post
1459 1198 1528 1232 Ac-

239 1247 339 1279 tnam
361 1245 505 1290 Olymp.
530 1245 587 1288 76,
614 1246 633 1278 1
672 1247 870 1286 conditam;
897 1252 1089 1290 cantatum,
1113 1253 1152 1282 ut
1175 1250 1327 1292 videtur,
1353 1253 1530 1300 Ortygiae

238 1301 382 1346 Olymp.
408 1301 465 1343 76,
490 1300 523 1333 4.
549 1307 736 1345 praesente
761 1307 835 1336 tum
858 1303 1025 1337 Pindaro⁴

169 1357 285 1392 Nem.
311 1358 356 1391 11.
408 1359 623 1391 Timodemo
657 1359 825 1392 Timonoi
854 1360 879 1392 f.
913 1361 1140 1403 Atheniensi,
1174 1364 1359 1405 pancratio
1390 1367 1530 1410 victori,

238 1415 388 1448 Athenis
427 1419 609 1448 cantatum
645 1419 725 1449 ante
766 1416 1055 1450 comissationem
1093 1418 1212 1462 aliquo
1257 1425 1336 1463 post
1369 1434 1529 1468 pugnam

237 1471 439 1504 Plataicam
463 1476 634 1515 tempore.

168 1527 284 1562 Nem.
309 1528 374 1561 111.
427 1528 666 1561 Aristoclidae
690 1528 940 1572 Aristophanis
965 1530 990 1562 f.
1016 1530 1234 1575 Aeginetae,
1265 1536 1450 1576 pancratio
1474 1538 1531 1570 vi-

237 1584 328 1618 ctori
358 1587 520 1627 tempore
544 1584 701 1623 incert03
733 1585 911 1629 Aeginam
944 1587 1190 1621 transmissum
1215 1589 1275 1621 diu
1312 1596 1391 1633 post
1416 1593 1531 1627 victo-

236 1640 350 1680 riam,
385 1640 686 1684 redeuntibusque
711 1640 904 1675 Nemeadis
927 1643 1159 1677 sollemnibus
1183 1650 1364 1681 cantatum
1388 1650 1423 1682 in
1447 1662 1531 1684 con-

236 1696 348 1738 vivio,
372 1697 465 1740 quod
489 1697 523 1730 in
548 1708 651 1730 sacro
675 1699 754 1731 loco
780 1698 941 1731 Theario
966 1699 1138 1733 victoriae
1163 1703 1399 1738 celebrandae
1424 1718 1531 1741 causa

238 1752 405 1786 habitum
429 1757 501 1794 est,
534 1758 615 1787 ante
647 1754 824 1799 Aeginam
856 1754 1001 1799 Olymp.
1026 1755 1082 1797 80,
1109 1757 1140 1798 {-
1180 1759 1225 1791 ab
1257 1760 1532 1797 Atheniensibus

239 1809 439 1843 subactam.

171 1864 292 1900 Nem.
315 1865 371 1898 lv.
421 1866 660 1900 'l‘imasarcho
685 1867 875 1901 Timoeriti
899 1868 925 1901 f.
950 1867 1167 1912 Aeginetae,
1200 1872 1298 1905 lucta
1330 1873 1421 1907 inter
1445 1888 1532 1919 pne-

238 1932 298 1955 ros
327 1921 477 1965 victori,
509 1923 663 1957 Melesia
694 1924 890 1968 magistro,
929 1929 1089 1967 tempore
1122 1926 1278 1969 incerto,
1318 1931 1380 1962 sed
1412 1932 1533 1975 aliquo

239 1981 321 2012 ante
346 1978 492 2023 Olymp.
516 1979 572 2013 80.
607 1984 779 2023 tempore.
835 1980 1013 2024 Aeginam
1036 1980 1204 2022 missum,
1236 1984 1286 2016 ibi
1310 1989 1348 2018 ut
1371 1986 1406 2019 in
1431 1988 1534 2022 novi—

239 2034 337 2068 lunio
363 2039 552 2069 caneretur
577 2047 599 2069 a
625 2037 735 2068 choro
762 2047 954 2078 puerorum
980 2047 1151 2079 pompam
1176 2038 1337 2073 ducente.

173 2089 293 2124 Nem.
318 2090 357 2123 V.
403 2091 568 2134 Pytheae
594 2091 786 2135 Lamponis
809 2092 834 2124 f.
861 2092 1080 2136 Aeginetae,
1115 2095 1299 2136 pancratio
1329 2096 1421 2131 inter
1444 2111 1533 2143 pue-

242 2157 301 2180 ros
324 2146 471 2188 victori‚
503 2147 665 2191 Aeginae
690 2151 883 2180 cantatum.
938 2148 1093 2182 Victoria
1124 2153 1159 2183 et
1183 2151 1252 2184 oda
1285 2153 1423 2196 priores
1455 2160 1535 2192 sunt

241 2203 402 2236 Isthmiis
419 2203 641 2247 Phylacidae
664 2203 824 2236 victoriis
850 2204 997 2247 odisque
1017 2205 1176 2239 Isthmiis
1194 2207 1316 2250 quinta
1339 2213 1374 2244 et
1397 2215 1533 2256 quarta,

243 2270 288 2292 ex
313 2259 443 2302 quibus
465 2259 642 2292 recentior
666 2260 701 2292 in
726 2259 869 2303 Olymp.
893 2259 949 2302 75,
973 2261 1007 2294 3.
1036 2262 1230 2297 referenda
1251 2265 1403 2300 videtur.
1459 2269 1534 2304 Ita-

243 2326 312 2358 que
332 2315 496 2360 Pytheae
519 2315 671 2349 victoria
695 2319 775 2349 ante
799 2327 960 2361 pugnam
983 2317 1220 2352 Salaminiam
1243 2324 1419 2364 ponenda.

175 2369 290 2406 Nem.
314 2371 372 2404 Vl.
420 2372 618 2406 Alcimidae
651 2372 812 2406 Theonis
844 2372 871 2405 f.
903 2373 1118 2418 Aeginetae,
1150 2376 1250 2410 lucta
1281 2379 1371 2412 inter
1403 2392 1536 2424 pueros

241 2427 388 2472 victori,
420 2428 573 2462 Melesia
597 2428 792 2474 magistro,
826 2430 921 2462 unde
946 2441 1090 2464 carmen
1120 2431 1166 2464 ad
1191 2432 1336 2478 Olymp.
1361 2435 1417 2470 80.
1450 2449 1535 2480 pro-

244 2483 326 2528 pius
357 2495 468 2528 quam
499 2485 546 2519 ad
569 2484 717 2530 Olymp.
741 2484 798 2520 75.
830 2487 1003 2521 accedere
1026 2487 1186 2530 videtur3
1219 2489 1381 2536 Aeginae
1412 2497 1535 2528 canta-

244 2543 323 2574 tum

177 2595 294 2633 Nem.
319 2596 395 2633 vn.
451 2596 586 2643 segeni
618 2598 837 2636 Thearionis
866 2599 893 2635 f.
923 2600 1143 2646 Aeginetae,
1185 2601 1412 2646 quinquertio
1445 2605 1537 2641 inter
