1751 2986
1308 108 1454 136 Lxxxlx

94 206 125 250 1,
141 204 197 239 70.
221 204 279 248 IV,
299 202 380 238 296.
403 204 496 239 vm.
512 203 587 239 init.
631 203 790 238 Tantum
813 202 925 248 igitur
949 202 1062 243 abest,
1086 203 1126 236 ut
1148 200 1304 236 levitatis
1320 205 1357 236 et·
1373 202 1455 236 Me-

95 266 202 302 dismi
217 269 303 301 nota
324 265 517 300 inurendus
539 265 603 309 sit,
627 267 667 299 ut
686 265 813 308 quovis
840 268 945 308 pacto
977 263 1244 298 collaudaturus
1266 263 1398 305 fuerit,
1424 262 1455 297 si

93 328 231 363 bellum
255 327 428 362 adversus
451 327 580 360 Medos
598 325 758 360 unanimi
788 336 959 359 consensu
987 323 1228 368 suscepissent
1253 327 1287 358 et
1313 324 1350 358 in
1376 335 1457 358 cam

92 389 214 425 laudis
235 390 445 424 societatem
469 388 667 430 venissent,
700 398 810 432 quam
842 399 925 421 cum
948 386 1223 421 Atheniensibus
1247 389 1282 420 et
1304 387 1458 430 Sparta-

93 451 149 486 nis
173 450 454 486 admirabundus
478 449 768 484 communicabat
790 451 910 492 poeta.
960 447 1015 481 Cf.
1041 448 1146 492 Pyth.
1168 448 1197 490 Ι,
1223 446 1269 480 75
1289 459 1385 490 seqq.
1411 446 1457 480 fr.

92 513 161 548 inc.
189 512 247 547 93.
266 511 322 546 94.
342 516 378 547 et
404 511 609 553 considera,
641 522 713 555 quo
741 521 906 544 moerore
931 510 1153 543 laboraverit
1171 512 1279 553 poeta
1302 520 1344 542 eo
1364 512 1457 543 tem-

93 585 194 619 pore,
222 585 291 618 quo
315 574 441 608 Isthm.
460 574 536 607 VII.
552 573 714 616 scripsit,
737 573 774 605 h.
795 584 824 606 e.
849 571 973 616 paucis
989 570 1170 605 mensibus
1198 573 1277 614 post
1298 581 1460 615 pugnam

92 635 355 670 Plataeensem.
401 635 551 669 Videndi
568 634 627 679 qui
647 633 792 668 Pindari
811 637 932 667 contra
950 633 1144 678 Polybium
1166 642 1312 664 causam
1329 631 1460 664 diserte

95 700 248 743 egerunt
267 695 759 740 Schweighaeuserus
782 695 828 728 ad
852 694 980 738 Polyb.
1003 695 1026 727 Ι.
1055 705 1106 732 c.‚
1142 692 1459 726 Wachsmuth.

94 758 120 792 1.
136 769 168 791 c.
187 769 220 802 p.
238 757 262 791 5
279 769 352 801 seq.
378 760 414 791 et
427 757 458 790 B
471 767 492 790 ο
504 769 551 790 ec
564 756 699 790 khius
720 754 841 789 Indice
857 755 1065 788 scholarum
1084 753 1241 787 Berolin.
1260 765 1325 797 per
1342 764 1460 786 semc-

97 820 170 852 stre
189 817 315 852 aestiv.
336 828 418 852 ann.
439 817 540 851 1831.

185 877 362 923 Quamvis
386 881 507 912 autem
539 876 700 912 carmina
724 875 869 910 Pindari
900 877 1008 920 plena
1033 875 1103 909 sint
1135 875 1286 909 laudum
1318 874 1460 918 patriae

93 939 194 974 urbis
213 939 370 983 satisque
403 938 576 982 pietatem
608 948 697 983 erga
731 942 883 972 matrem
915 949 1020 971 suam
1049 940 1222 971 testentur
1241 936 1321 980 ¹³),
1362 934 1462 969 cives

94 1005 215 1037 tamen
238 1011 309 1034 non
345 1011 389 1033 ex
410 1000 538 1034 merito
569 1001 766 1034 honorasse
793 1003 937 1044 poetam
969 1010 1074 1032 suum
1100 998 1268 1044 legimus.
1323 996 1462 1041 Nempe

94 1062 249 1098 laudatis
268 1061 435 1104 Athenis,
460 1072 482 1095 a
507 1063 636 1106 quibus
654 1065 794 1096 vetusto
821 1062 901 1095 odio
921 1061 1158 1102 dissidebant,
1186 1060 1231 1092 de
1258 1070 1295 1092 se
1317 1058 1462 1101 suisque

95 1123 292 1159 detraxisse
313 1124 625 1167 conquerebantur
637 1124 708 1166 Ῑ4).
756 1124 984 1168 Quapropter
1007 1124 1067 1156 vel
1086 1122 1261 1155 mulctam
1279 1120 1462 1165 irrogasse

95 1185 280 1230 dicuntur,
305 1196 414 1229 quam
439 1196 505 1230 pro
528 1185 682 1219 Pindaro
705 1185 878 1220 solverint
903 1185 1135 1220 Athenienses
1161 1182 1290 1216 additis
1317 1180 1463 1225 magni-

96 1308 157 1353 13)
181 1307 320 1341 Thebas
342 1303 500 1351 λιπαρὰς
524 1313 627 1338 vocat
656 1305 757 1350 Pyth.
788 1307 836 1345 ΙΙ,
865 1305 897 1338 3.
937 1311 970 1337 et
999 1305 1042 1336 fr.
1073 1304 1141 1336 inc.
1175 1303 1255 1336 106:
1300 1302 1462 1347 λιπαρᾶν

187 1353 315 1398 Θηβᾶν
335 1351 449 1395 μέγαν
468 1350 655 1385 σκόπελον.
705 1352 763 1384 Fr.
781 1351 849 1382 inc.
872 1351 953 1384 104:
981 1348 1200 1395 Εὐάρματε,
1225 1348 1463 1392 χρυσοχίτων,

187 1396 388 1444 ἱερώτατον
422 1392 588 1440 ἄγαλμα,
617 1396 735 1441 Θήβα.
792 1395 908 1429 lsthm.
941 1397 967 1427 Ι.
996 1396 1090 1428 init.:
1135 1395 1267 1439 Μᾶτερ
1296 1392 1382 1436 ἐμοὶ,
1417 1391 1458 1427 τὰ

186 1442 293 1486 τεόν,
316 1441 500 1489 χρύσασπι
522 1443 648 1485 Θήβα,
684 1441 844 1486 Πρᾶγμα
871 1440 934 1474 καὶ
955 1438 1126 1484 ἀσχολίας
1151 1437 1352 1484 ὑπέρτερον
1381 1435 1463 1481 Θή-

187 1501 311 1534 σομαι.
360 1490 415 1521 Fr.
442 1489 509 1520 inc.
534 1489 608 1529 103,
628 1490 666 1520 4:
695 1487 757 1521 καὶ
776 1487 1019 1520 πολυκλείταν
1036 1498 1105 1530 περ
1125 1483 1250 1519 ἐοῖσαν
1263 1481 1361 1528 ὅμως
1383 1482 1462 1527 Θή-

186 1536 259 1582 βαν
284 1533 337 1569 ἔτι
361 1534 498 1578 μᾶλλον
526 1530 723 1575 ἐπασκήσει
755 1533 858 1566 θεῶν
887 1532 949 1565 καὶ
976 1530 1056 1566 κατ’
1085 1528 1298 1576 ἀνθρώπων
1318 1527 1463 1573 ἀγυιάς.

189 1580 368 1614 Thebanis
394 1591 470 1611 cum
500 1579 566 1611 alia
592 1579 733 1622 scripsit
757 1578 926 1620 carmina,
950 1585 1023 1609 tum
1050 1577 1287 1620 lzyporchema
1307 1576 1397 1608 illud
1421 1576 1464 1607 ad

186 1626 330 1667 Solem,
366 1636 468 1669 quem
503 1624 538 1656 in
567 1624 708 1656 defectu
737 1623 858 1655 sideris
895 1624 1127 1655 titubantibus
1157 1622 1289 1654 civibus
1323 1622 1392 1653 suis
1427 1627 1466 1653 ut

187 1671 316 1706 auxilio
347 1670 430 1703 assit
452 1671 612 1710 invocat,
647 1669 689 1701 fr.
708 1668 890 1713 Hyporch.
915 1670 947 1701 4.
996 1671 1144 1712 Propter
1171 1674 1344 1699 vetustam
1364 1667 1465 1698 The-

187 1718 310 1751 barum
340 1724 376 1749 et
393 1716 544 1759 Aeginae
569 1716 810 1758 cognationem
843 1715 1043 1757 praeclarae
1074 1714 1208 1746 insulae
1248 1713 1375 1745 decora
1407 1712 1466 1744 lu-

187 1763 313 1796 benter
345 1762 456 1794 canit:
493 1761 616 1794 Isthm.
639 1762 715 1800 Vll,
741 1761 796 1793 15:
831 1759 896 1804 χρὴ
928 1757 958 1794 δ’
982 1759 1021 1794 ἐν
1050 1757 1294 1793 ἑπταπύλοισι
1326 1755 1467 1802 Θήβαις

186 1804 377 1854 τραφέντα
399 1806 528 1853 Αἰγίνᾳ
548 1808 719 1851 Χαρίτων
746 1802 868 1839 ἄωτον
893 1804 1101 1850 προνέμειν.
1149 1806 1308 1838 Ceterum
1334 1804 1466 1835 Pinda-

187 1866 246 1888 rus
263 1854 362 1886 Nem.
385 1853 460 1894 Vll,
483 1853 538 1886 65.
562 1852 604 1884 de
633 1859 742 1884 semet
762 1852 858 1893 ipso:
887 1849 925 1885 ἔν
944 1864 983 1886 τε
1010 1848 1363 1894 δαμόταις’Όμματι
1382 1847 1465 1893 δέρ-

187 1911 301 1944 κομαι
330 1895 516 1943 λαμπρόν,
549 1894 617 1941 οὔχ
649 1893 884 1942 ὑπερβαλών,
909 1898 1021 1930 Βίαια
1039 1892 1148 1930 πάντ’
1175 1894 1214 1929 ἐκ
1235 1893 1353 1933 ποδὸς
1376 1893 1464 1939 ἐρύ-

188 1955 290 1988 σαις,
316 1942 336 1979 ὁ
361 1942 402 1979 δὲ
425 1941 555 1983 λοιπὸς
574 1942 721 1988 εὔφρων
749 1943 843 1976 Ποτὶ
864 1941 994 1987 χρόνος
1017 1940 1134 1987 ἕρποι.

103 1988 162 2035 ¹⁴)
184 1990 436 2035 Frequentavit
467 1990 635 2023 Pindarus
664 1988 878 2030 magnificam
907 1988 1049 2028 urbem,
1079 1986 1173 2018 cuius
1198 1985 1280 2017 olim
1306 1985 1464 2016 alumnus

190 2037 321 2070 fuerat.
376 2035 495 2070 Veluti
522 2034 710 2077 aliquando
735 2040 815 2076 post
844 2044 992 2075 pugnam
1020 2032 1257 2064 Plataeensem
1284 2029 1369 2061 urbe
1398 2030 1466 2060 iam

188 2082 380 2115 instaurata
412 2081 544 2112 Nemea
578 2079 759 2122 profectus
791 2079 943 2110 Athenas
981 2084 1033 2109 est
1062 2084 1221 2120 tempore
1260 2075 1373 2115 veris,
1407 2074 1468 2106 ubi

192 2127 346 2160 divinum
378 2125 479 2157 illum
512 2124 770 2168 dithyrambum
803 2124 846 2156 fr.
873 2124 904 2156 3.
932 2123 1087 2155 doceret.
1143 2121 1361 2154 Liberalibus
1396 2120 1468 2152 ali-

192 2171 332 2216 quando
361 2170 500 2202 affuisse
527 2170 614 2202 etin
636 2169 805 2201 honorem
824 2169 944 2201 lonum
971 2168 1209 2211 quorundam,
1235 2166 1294 2210 qui
1312 2165 1466 2198 Athenas

189 2222 378 2259 venerant,
402 2223 441 2248 ut
465 2215 648 2247 Eleusiniis
679 2214 919 2252 initiarentur,
953 2215 1023 2247 duo
1055 2212 1292 2257 composuisse
1319 2211 1470 2244 carmina

191 2262 365 2306 significat
387 2261 572 2294 historiola
598 2260 745 2292 Himerii
763 2262 858 2293 Orat.
876 2260 949 2302 XI,
968 2259 1002 2293 4.
1025 2270 1059 2302 p.
1079 2259 1157 2293 578.
1212 2257 1344 2290 Eodem
1367 2268 1470 2300 anno,

191 2320 262 2352 quo
284 2318 398 2351 pugna
418 2307 462 2339 ad
489 2306 729 2339 Marathonem
758 2306 941 2338 commissa
963 2316 1054 2337 novo
1076 2304 1263 2346 splendore
1283 2303 1473 2336 illustravit

191 2353 362 2397 Athenas,
390 2352 561 2396 scriptum
582 2362 719 2384 carmen
733 2351 839 2396 Pyth.
860 2352 935 2383 V11.
960 2350 1109 2393 Megacli
1133 2349 1308 2393 quadrigis
1333 2349 1470 2381 victori.

192 2399 247 2433 Ibi
270 2410 362 2432 vers.
391 2399 413 2433 5
433 2409 552 2442 seqq.:
577 2398 662 2431 τίνα
685 2395 849 2442 πάτραν,
871 2397 955 2431 τίνα
979 2392 1083 2430 οἶκον
1109 2394 1208 2430 λαῶν
1239 2392 1474 2437 ὀνυμάξομαι

194 2441 485 2489 ἐπιφανέστερον
509 2441 654 2477 Ἑλλάδι
678 2443 894 2483 πυθέσθαις
949 2442 1143 2476 Victoriam
1179 2440 1223 2472 ad
1249 2440 1474 2472 Artemisium

193 2496 410 2534 reportatam
430 2489 586 2522 celebrat
607 2489 649 2521 fr.
660 2489 728 2521 inc.
742 2489 803 2522 93:
820 2486 916 2523 ’Όθι
933 2489 1064 2527 παῖδες
1075 2483 1281 2521 Ἀθαναίων
1297 2484 1473 2530 ἐβάλοντο

197 2533 364 2581 φαεννὰν
387 2533 546 2581 Κρηπῖδ’
569 2533 794 2580 ἐλευθερίας.
853 2535 921 2567 Sed
938 2534 1124 2567 Thebanos
1149 2532 1295 2564 maxime
1326 2541 1473 2574 aspera-

194 2587 306 2623 verat,
329 2580 358 2613 si
376 2581 517 2614 credere
541 2581 638 2622 licet,
661 2581 795 2625 dithyr.
812 2580 857 2614 fr.
875 2580 914 2614 4:
941 2573 986 2614 Ὦ
1007 2579 1069 2614 ταὶ
1095 2576 1248 2623 λιπαραὶ
1268 2576 1331 2610 καὶ
1355 2574 1475 2610 ἰοστέ-

196 2638 312 2671 φανοι
339 2626 402 2662 καὶ
426 2624 614 2669 ἀοίδιμοι,
642 2623 862 2667 Ἑλλάδος
892 2624 1107 2671 ἔρεισμα,
1145 2621 1285 2659 κλειναὶ
1310 2618 1475 2663 Ἀθᾶναι,

201 2669 398 2717 δαιμόνιον
423 2673 661 2719 πτολίεθρον.
