1751 2986
295 124 400 152 Lxxx

296 217 468 261 ἑλέσθαι,
504 214 561 249 01.
586 213 656 254 lx,
677 211 756 245 100.
807 209 942 254 Τέχναι
975 205 1008 244 δ’
1032 201 1164 255 ,ξ’τέρων
1189 207 1328 254 ἕτεραι·
1365 208 1433 255 χρὴ
1469 205 1502 245 δ’
1529 209 1568 245 ἐν
1593 207 1656 246 εὕ-

295 280 422 318 θείαις
443 276 569 314 ‘06029
593 274 784 316 στείχοντα
806 269 1022 317 μάρνασθαι
1048 272 1149 318 φυᾷ,
1180 270 1282 304 Nem.
1309 271 1337 313 Ι,
1368 270 1425 304 25.
1481 273 1662 317 Συγγενεῖ

295 340 338 376 δέ
361 353 416 379 τις
439 335 590 381 εὐδοξίᾳ
614 333 706 377 μέγα
730 334 873 378 βρίθει·
904 329 978 373 “Ος
1001 332 1040 368 δὲ
1065 329 1210 367 διδάκτ’
1236 331 1326 374 ἔχει,
1352 331 1539 374 ψεφεννὸς
1563 330 1658 378 ἀνὴρ

296 397 416 437 ἄλλοτ’
441 396 532 432 ἄλλα
556 394 676 429 πνέων
701 392 747 429 οὔ
770 393 853 428 ποτ’
877 389 1024 439 οὲτρεκέϊ
1051 395 1195 439 Κατέβοι
1218 394 1326 431 ποδί,
1351 394 1489 438 μυριᾶν
1512 392 1545 428 δ’
1569 392 1658 439 εἰρε-

294 464 365 497 τᾶν
397 459 520 494 οέτελεῖ
541 456 616 502 νόῳ
640 456 810 500 γεύεται,·
835 455 940 489 Nem.
958 457 1020 497 ΙΙΙ,
1036 455 1091 488 40.
1140 456 1286 490 Scilicet
1309 455 1404 488 idem
1431 460 1550 489 tamen
1575 467 1660 489 con-

297 524 390 558 cedit
414 521 604 564 disciplina
629 519 771 552 insitam
796 522 946 551 naturae
967 519 1165 551 bonitatem
1190 517 1407 550 conformari
1430 522 1465 550 et
1487 518 1533 550 ad
1556 517 1661 551 fasti-

297 587 398 632 gium
425 582 655 628 perfectionis
679 580 787 614 evehi
820 591 937 624 posse.
982 580 1039 614 01.
1066 580 1134 622 XI,
1157 577 1221 611 20:
1259 579 1398 623 Θήξαις
1423 577 1463 613 δέ
1487 591 1527 614 κε
1553 577 1662 623 φύντ’

296 646 410 694 ἀρετᾷ
432 645 519 679 ποτὶ
545 642 734 688 Πελώριον
760 641 919 687 ὁρμάσαι
943 641 1046 681 κλέος
1070 638 1164 686 οἷνὴρ
1189 641 1285 675 θεοῦ
1310 640 1376 675 σὺν
1400 638 1563 687 παλάμᾳ.

387 708 564 742 Pindarus
590 706 685 739 circa
710 704 943 749 vigesimum,
969 707 1067 746 puta,
1092 713 1226 736 annum
1250 703 1379 736 aetatis
1403 714 1489 736 suae
1512 703 1663 737 Thebas

295 771 408 805 redux
433 767 594 802 carmina
617 767 821 811 pangebat,
854 765 916 798 sed
947 769 985 798 ut
1008 765 1154 798 Boeotis
1178 770 1299 798 tamen
1323 766 1395 799 suis
1416 776 1485 798 non
1509 775 1663 810 magno-

295 844 382 877 pere
411 830 645 864 satisfaceret.
711 828 803 861 cum
833 827 993 871 Myrtide
1027 827 1167 870 poetria
1199 831 1381 860 certamen
1420 827 1559 860 subisse
1591 827 1663 860 sci-

295 905 395 927 mus:
421 894 640 936 Tanagraea
664 889 838 931 Corinna,
878 889 978 922 cuius
1013 890 1175 922 carmina
1199 889 1277 922 fere
1302 889 1532 922 heroicarum
1555 887 1664 921 fabu-

296 958 415 990 larum
438 953 587 987 Boeotis
612 952 892 985 domesticarum
910 950 1097 984 materiem
1122 951 1318 993 habebant,
1344 950 1553 995 obiurgavit
1576 950 1664 984 ado-

295 1018 532 1051 lescentulum
566 1012 616 1058 μὴ
650 1014 836 1048 ποιοῦντα
865 1011 1023 1055 μύθους.
1086 1013 1196 1046 Cuius
1226 1012 1517 1057 reprehensionis
1541 1022 1585 1045 ea
1608 1011 1664 1045 vis

295 1079 384 1119 fuit,
413 1081 454 1110 ut
487 1076 652 1109 continuo
685 1076 781 1119 quod
813 1075 1022 1118 deliquisset
1051 1086 1223 1118 reparare
1260 1079 1470 1113 conaretur3
1512 1073 1593 1115 sed,
1625 1076 1665 1108 ut

297 1141 375 1174 fere
400 1139 454 1178 fit,
479 1139 628 1171 modum
653 1148 696 1170 ea
721 1137 755 1170 in
781 1149 820 1170 re
846 1137 1054 1170 excedebat.
1101 1136 1234 1170 Narrat
1256 1137 1471 1169 Plutarchus
1495 1135 1538 1168 de
1562 1135 1663 1168 Glor.

296 1203 380 1236 Ath.
404 1201 505 1234 XIV:
537 1198 583 1233 ‘H
604 1197 769 1244 Κόριννα
793 1196 860 1231 τὸν
887 1198 1076 1243 Πίνδαρον
1107 1196 1200 1231 ὄντα
1223 1197 1307 1231 νέον
1332 1196 1384 1231 ἔτι
1409 1196 1470 1231 καὶ
1495 1197 1542 1242 τῇ
1565 1200 1665 1241 λογι-

298 1263 403 1307 ότητι
433 1262 598 1308 σοβαρῶς
633 1257 821 1305 χρώμενον
854 1256 1100 1302 ἐνουθέτησεν
1137 1257 1186 1297 ὠς
1211 1257 1375 1301 ἄμουσον
1408 1256 1500 1292 ὄντα
1522 1257 1585 1292 καὶ
1612 1258 1663 1303 μὴ

296 1326 482 1359 ποιοῦντα
505 1320 674 1367 μύθους,
710 1317 730 1355 ὃ
754 1321 819 1365 τῆς
842 1321 1038 1364 ποιητικῆς
1062 1319 1167 1365 ἔργον
1193 1317 1290 1354 εἶναι
1312 1319 1527 1366 συμβέβηκε,
1549 1318 1666 1364 γλώσ-

297 1399 364 1427 σας
393 1385 432 1421 δὲ
465 1385 528 1420 καὶ
557 1381 799 1429 καταχρήσεις
822 1381 886 1416 καὶ
909 1381 1157 1427 μεταφράσεις
1191 1381 1254 1416 καὶ
1286 1380 1375 1425 μέλη
1410 1381 1472 1416 καὶ
1496 1381 1666 1429 ῥυθμοὺς

295 1448 496 1495 ἡδύσματα
528 1450 606 1487 τοῖς
644 1444 855 1491 πράγμασιν
888 1442 1125 1478 ὑποτίθεται.
1182 1442 1343 1489 Σφόδρα
1375 1438 1444 1478 οὖν
1468 1443 1666 1490 ἐπιστήσας

298 1510 318 1547 ὁ
346 1512 533 1555 Πίνδαρος
555 1511 633 1548 τοῖς
658 1506 864 1551 λεγομένοις
890 1504 1061 1548 ἐποίησεν
1087 1504 1204 1540 ἐκεῖνο
1229 1504 1270 1540 τὸ
1296 1505 1420 1549 μέλος·

387 1570 553 1615 Ἰσμηνὸν
579 1567 599 1614 ἢ
623 1567 902 1614 χρυσαλάκατον
922 1570 1067 1602 ΙΠελίαν
1091 1571 1165 1602 κτλ.
1193 1570 1243 1609 (v.
1269 1569 1393 1613 hymn.
1420 1568 1465 1602 fr.
1485 1569 1550 1612 1.).

299 1633 527 1678 Δειξαμένου
549 1631 588 1667 δὲ
608 1632 654 1677 τῇ
677 1632 840 1677 Κορίννῃ
865 1628 1049 1674 γελάσασα
1075 1627 1194 1672 ἐκείνη
1213 1630 1280 1675 Τῇ
1303 1631 1421 1676 χειρὶ
1449 1632 1553 1666 δεῖν
1577 1631 1665 1677 ἔφη

299 1700 535 1743 σπείρειν,
573 1692 681 1728 ἄλλα
713 1692 772 1737 μὴ
801 1692 886 1737 ὅλῳ
913 1693 973 1738 τῷ
1000 1690 1205 1738 θυλάκῳ.
1256 1693 1317 1738 Τῷ
1339 1691 1408 1736 γὰρ
1435 1689 1515 1727 ὄντι
1540 1705 1666 1738 συγκε-

298 1758 415 1805 ράσας
448 1757 510 1792 καὶ
535 1754 775 1801 συμφορήσας
808 1754 1066 1799 πανσπερμίαν
1090 1751 1172 1788 τινὰ
1204 1752 1338 1798 μύθων
1363 1754 1382 1789 ὁ
1409 1756 1598 1801 Πίνδαρος
1621 1754 1662 1790 τὸ

297 1821 406 1866 μέλος
431 1819 578 1863 ἐξέχεεν.
624 1818 765 1850 Eodem
789 1816 900 1849 tendit
925 1816 1006 1849 Vita
1028 1816 1135 1849 Metr.
1159 1828 1195 1849 v.
1219 1815 1242 1849 9
1266 1828 1387 1860 seqq.=

392 1883 452 1928 Τῷ
479 1880 517 1916 δὲ
543 1879 808 1924 λιγυφθόγγων
833 1877 950 1912 ἐπέων
972 1876 1109 1922 μελέων
1131 1875 1172 1912 θ’
1198 1877 1409 1922 ὑποθήμων

380 1944 536 1979 ’Έπλετο
563 1943 626 1977 δῖα
650 1938 835 1986 Κόριννα,
859 1941 1082 1983 θεμείλια
1109 1938 1140 1974 δ’
1161 1937 1317 1975 ὤπασε
1340 1939 1510 1984 μύθων

392 2005 452 2041 Τό
479 2004 686 2050 πρῶτον·
712 2001 803 2047 μετὰ
828 2000 896 2047 τήν
920 1999 952 2036 δ’
977 2000 1214 2045 Ἀγαθοκλέος
1239 2001 1393 2048 ἔμμορεν
1420 2001 1551 2047 αὐδῆς,

381 2066 449 2108 1’Ός
475 2067 521 2112 ροὶ
546 2065 585 2101 τέ
610 2064 644 2099 οἱ
670 2064 876 2106 κατέδειξεν
900 2060 989 2098 ὁδὸν
1014 2063 1075 2098 καὶ
1099 2063 1232 2109 μέτρον
1256 2061 1400 2105 οἷοιδῆς.

298 2131 371 2165 Sed
396 2129 490 2173 quod
514 2127 725 2173 Agathoclis
748 2126 1004 2160 institutionem
1042 2129 1123 2169 post
1148 2126 1326 2159 Corinnae
1351 2125 1488 2159 monita
1512 2126 1667 2160 collocat

300 2197 438 2232 auctor,
464 2191 500 2224 in
522 2202 564 2224 eo
584 2192 706 2233 lapsus
724 2189 867 2223 videtur
885 2187 1100 2221 coniectura.
1134 2188 1175 2220 Id
1200 2188 1284 2220 hinc
1309 2199 1498 2233 cognosce.
1522 2187 1665 2220 Etenim

298 2255 454 2288 Corinna
478 2263 547 2285 non
571 2252 606 2285 in
633 2263 675 2285 eo
700 2250 869 2292 substitit,
894 2253 934 2282 ut
953 2249 1109 2282 Pindaro
1127 2249 1310 2283 modicum
1333 2261 1436 2283 usum
1458 2250 1667 2293 mythorum

299 2316 578 2352 commendaret,
603 2314 666 2347 sed
691 2313 818 2346 eadem
846 2311 953 2356 patrii
977 2312 1152 2345 sermonis
1173 2311 1430 2353 amantissima,
1459 2316 1499 2344 ut
1517 2323 1595 2344 mos
1614 2315 1667 2345 est

299 2378 617 2417 muliercularum,
649 2387 776 2408 sonum
809 2373 1188 2406 sermonisPindm-ici
1221 2384 1243 2405 a
1267 2374 1488 2406 Boeotorum
1512 2373 1667 2406 dialecto

300 2440 458 2475 alienum
492 2448 645 2480 eumque
676 2437 791 2470 Attica
824 2434 1076 2467 consuetudine
1117 2433 1279 2467 fucatum
1311 2445 1377 2466 non
1398 2445 1514 2478 aequo
1545 2435 1666 2469 animo

300 2501 392 2535 tulit.
418 2498 657 2533 Memorabile
690 2508 771 2529 eam
795 2495 831 2528 in
856 2508 932 2529 rem
952 2495 1194 2530 testimonium
1217 2496 1339 2530 Schol.
1366 2497 1548 2540 Aristoph.
1575 2497 1666 2530 Ach.

300 2561 387 2595 726:
420 2559 702 2606 Ἀγοράζειν·
737 2557 776 2592 ἐν
800 2555 918 2605 οῗγορᾷ
952 2558 1174 2603 διατρίβειν·
1208 2555 1393 2597 Ἀττικαῖς·
1428 2554 1520 2592 ὅθεν
1544 2558 1606 2593 καὶ
1641 2555 1666 2602 ἦ

301 2622 467 2670 Κόριννα
501 2620 576 2658 ἐστὶ
605 2621 674 2657 τοῦ
711 2618 904 2668 Πινδάρου
935 2616 1138 2655 Ἀττικιστί·
1175 2618 1254 2656 ἐπεὶ
1287 2619 1350 2655 καὶ
1383 2618 1422 2656 ἐν
1445 2621 1498 2667 τῷ
1531 2619 1666 2667 πρώτῳ
