1794 2982
308 110 387 151 144
697 105 1169 147 ΠΤΘΙΟΝΙΚΑΙ
1199 103 1272 147 Η’.

440 212 600 277 καρδίᾳ
633 210 765 258 κότον
800 211 995 274 ἐνελάσῃ,

346 289 407 333 10
440 285 617 342 τραχεῖα
651 279 898 338 δυςμενέων

441 343 767 402 ὑπαντιάξαισα
800 347 948 408 κράτει
980 350 1120 404 τιθεῖς

439 412 572 475 ὕβριν
606 413 651 460 ἐν
686 411 842 480 ἄντλῳ.
887 411 968 461 τάν
1002 412 1109 461 οὐδὲ
1135 413 1416 476 Πορφυρίων
1449 413 1592 475 μάθεν
1628 425 1668 459 15

444 479 546 541 παρ’
582 477 712 528 αἶσαν
747 478 1012 541 ἐξερεθίζων.
1058 481 1217 542 κέρδος
1250 482 1297 528 δὲ
1331 482 1554 544 φίλτατον,

446 547 622 606 ἑκόντος
655 549 699 595 εἴ
722 566 788 606 τις
822 548 869 595 ἐκ
903 547 1052 609 δόμων
1085 548 1229 611 φέροι.

348 688 407 731 15
444 682 518 744 βία
541 682 588 728 δὲ
606 683 679 728 καὶ
697 680 976 744 μεγάλαυχον
994 682 1183 744 ἔσφαλεν
1196 682 1240 729 ἐν
1251 681 1406 748 χρόνῳ.
1441 679 1535 728 Ἐπ.
1551 680 1605 729 α’.
1628 691 1673 725 90

449 747 619 810 Τυφώς
656 748 791 805 Κίλιξ
821 749 1137 811 ἑκατόγκρανος
1172 748 1232 797 οὔ
1265 767 1338 810 μιν
1373 747 1546 813 ἄλυξεν,

443 812 552 864 οὐδὲ
587 814 674 877 μὰν
693 815 902 878 βασιλεὺς
925 819 1173 879 Γιγάντων·
1207 821 1378 877 δμᾶθεν
1401 817 1448 864 δὲ
1473 818 1674 882 κεραυνῷ

443 882 612 939 τόξοισί
643 882 678 930 τ’
711 883 1004 942 Ἀπόλλωνος·
1042 882 1092 943 ὃς
1127 883 1300 945 εὐμενεῖ
1328 883 1419 950 νόῳ
1627 896 1671 929 25

448 950 708 1012 ,Ξενάρκειον
741 952 887 998 ἔδεκτο
925 951 1158 1013 Κίρραθεν
1192 950 1547 1015 ἐστεφανωμένον

344 1023 409 1069 20
445 1017 547 1066 υἱὸν
579 1020 686 1084 ποία
723 1020 976 1081 Παρνασίδι
1010 1024 1175 1082 Δωριεῖ
1204 1039 1248 1067 τε
1282 1019 1429 1085 κώμῳ.

444 1152 568 1198 ἔπεσε
604 1150 642 1198 δ’
676 1149 737 1198 ου’
772 1151 978 1213 Χαρίτων
1013 1150 1114 1210 ἑκάς
1420 1155 1525 1214 Στρ.
1551 1148 1603 1213 β’.
1629 1160 1673 1194 30

447 1216 474 1264 ἆ
510 1217 784 1276 δικαιόπολις
818 1218 990 1280 ἀρεταῖς

444 1289 684 1333 κλειναῖσιν
716 1287 932 1333 Αἰακιδᾶν

446 1354 630 1415 θίγοισα
663 1357 822 1411 νᾶσος·
858 1353 1007 1401 τελέαν
1041 1352 1079 1400 δ’
1112 1353 1195 1415 ἔχει

347 1425 411 1470 25
448 1419 582 1477 δόξαν
617 1419 689 1467 ἄπ’
725 1420 875 1482 άρχᾶς.
922 1424 1128 1468 πολλοῖσι
1161 1418 1354 1484 μὲνγὰρ
1390 1418 1575 1467 άείδεται
1631 1429 1675 1462 35

447 1487 713 1550 νικαφόροις
747 1489 792 1535 ἐν
828 1487 1009 1546 άέθλοις
1041 1489 1269 1550 θρέψαισα
1302 1488 1377 1536 καὶ
1409 1492 1544 1545 θοαῖς
1604 1492 1609 1497 ’

448 1554 724 1617 ὑπερτάτους
760 1554 911 1619 ἥρωας
946 1557 990 1603 ἐν
1023 1555 1202 1618 μάχαις

448 1687 501 1735 τά
535 1689 582 1735 δὲ
617 1689 692 1735 καὶ
727 1687 941 1751 α’νδράσιν
974 1689 1194 1749 ἐμπρέπει.
1493 1684 1601 1734 Ἀντ.
1622 1682 1674 1745 β’.

448 1756 533 1816 εἰμὶ
569 1753 608 1802 δ’
641 1754 830 1817 ἄσχολος
865 1755 1083 1817 α’ναθέμεν
1632 1761 1676 1795 40

349 1827 413 1872 30
449 1827 598 1871 πᾶσαν
628 1824 928 1886 μακραγορίαν

448 1889 563 1956 λύρᾳ
597 1909 642 1938 τε
677 1893 753 1938 καὶ
787 1891 1010 1954 φθέγματι
1043 1891 1274 1954 μαλθακῷ,

358 2002 392 2022 v.
421 1990 472 2022 13.
500 1987 682 2034 φίλτατόν
705 1988 748 2033 γ’,
772 2010 817 2015 —
854 2003 886 2023 v.
914 1992 966 2025 15.
993 1990 1058 2037 βίᾳ
1081 2008 1124 2015 -
1150 2000 1182 2021 ν.
1206 1989 1261 2021 20.
1288 1984 1366 2033 πόᾳ
1391 1985 1609 2032 Παρνασσίᾳ
1632 2003 1677 2010 -

313 2047 344 2066 v.
371 2035 426 2068 28.
452 2033 498 2069 τὰ
523 2035 587 2070 καὶ
613 2034 651 2070 ἐν
677 2033 857 2081 α’νδράσιν

405 2131 439 2153 v.
465 2119 521 2153 13.
572 2116 618 2163 [γ’
646 2131 730 2152 cum
753 2119 856 2153 libris
881 2119 1049 2164 plurimis
1074 2117 1209 2152 delevit
1225 2115 1441 2150 Boeckhius.
1489 2113 1610 2157 SCH.]

403 2176 438 2198 v.
465 2165 521 2198 15.
572 2165 650 2211 [βία
674 2165 755 2199 libri
780 2177 861 2199 cum
885 2165 1064 2207 Scholiis,
1087 2163 1194 2208 idque
1217 2165 1448 2197 Hermannus
1470 2162 1680 2205 postulave-

314 2212 383 2244 rat.
431 2211 536 2244 SCH.

404 2266 438 2287 v.
463 2255 519 2288 20.
540 2211 683 2299 ][Libri
706 2255 798 2300 ποίᾳ
819 2256 1025 2299 Παρνασιά.
1059 2255 1113 2288 Ad
1138 2256 1258 2299 legem
1284 2252 1451 2287 carminis
1476 2251 1679 2285 conforma-

315 2299 367 2333 vit
389 2299 606 2342 Bomxkhius,
632 2313 674 2333 ex
701 2302 970 2336 ΠΑΡΝΑΣΙΑΙ
990 2302 1087 2335 facto
1114 2301 1397 2334 ΠΑΡΝΑΣΙΔΙ.
1444 2298 1564 2340 SCH.]

404 2357 439 2378 v·
464 2344 520 2378 24·
573 2346 741 2388 [θίγοισα
774 2348 812 2380 h.
838 2349 862 2380 l.
899 2347 1098 2380 certissime
1129 2356 1300 2389 praesens
1325 2348 1397 2385 est,
1431 2343 1526 2386 quod
1548 2351 1678 2375 moneo

315 2394 463 2434 propter
484 2391 739 2424 Buttmannum
768 2392 829 2425 Gr.
857 2394 968 2436 ampl.
996 2393 1040 2424 ΙΙ.
1069 2404 1102 2435 p.
1130 2390 1206 2423 198.
1233 2390 1390 2422 Lobeck.
1439 2387 1561 2432 SCH.]

403 2448 439 2470 ν.
463 2436 519 2469 28.
553 2436 614 2479 [τὰ
639 2435 679 2470 δὲ
704 2437 765 2470 καὶ
790 2436 969 2482 ἀνδράσιν
987 2435 1191 2469 ssoeckhius
1217 2447 1260 2468 ex
1283 2434 1386 2468 libris
1409 2433 1558 2476 aliquot.
1590 2431 1678 2465 Vide

312 2480 630 2515 Commentarium.
677 2482 797 2526 SCH.]

403 2539 436 2560 v.
463 2526 518 2560 32.
566 2526 666 2559 Libri
692 2527 783 2560 inter
807 2527 912 2571 κνίσῃ
938 2530 974 2561 et
998 2524 1126 2571 κνίσσῃ
1150 2525 1333 2559 fluctuant.
1368 2523 1428 2557 Sic
1452 2536 1489 2557 v.
1505 2522 1561 2556 45.
1585 2534 1678 2556 παι-

312 2570 371 2605 σίν
395 2575 429 2606 et
453 2572 578 2613 παισί,
611 2583 645 2605 v.
666 2571 722 2604 52.
749 2570 863 2616 μόνος
887 2578 922 2606 et
943 2573 1105 2615 μοῦνοςς
1141 2572 1203 2604 sed
1235 2583 1269 2603 v.
1294 2569 1350 2602 72.
1377 2568 1560 2614 Ξέναρκες
1579 2567 1675 2610 libri,

312 2617 512 2662 Ξείναρκες
535 2616 754 2651 Schmidius.
802 2617 1008 2652 Boeckhius
1034 2617 1175 2652 collatis
1198 2615 1345 2659 reliquis
1368 2614 1458 2649 locis
1482 2612 1679 2658 strophiciq

312 2663 445 2707 ubique
464 2664 614 2698 brevem
638 2664 819 2708 syllabam
843 2663 1025 2708 praetulit,
1037 2663 1100 2698 sed
1119 2664 1247 2698 παισίν
1265 2666 1387 2696 tamen
1402 2659 1559 2696 retinuit.
1582 2659 1678 2694 Con-
