1794 2982
279 103 357 144 108
683 95 1150 139 ΠΤΘΙΟΝῙΚΑΙ
1183 94 1246 138 A'.

414 210 525 257 ἔνθα
557 207 661 254 ποτε
695 205 895 267 χρυσέων
929 202 1042 262 Διὸς
1077 204 1239 268 αἰητῶν
1271 203 1489 265 πάρεδρος

352 282 381 326 5
417 275 506 325 οὐκ
541 272 780 334 ἀποδάμου
813 271 1090 329 ’Λπόλλωνος
1123 271 1338 333 τυχόντος
1372 272 1468 333 ἱρέα

419 347 578 407 χρῆσεν
628 342 857 405 οἰκιστῆρα
903 339 1070 387 Βάττον
1112 338 1415 402 καρποφόρου
1460 336 1645 399 Λιβύας,

889 405 1014 469 ἱεράν
1606 416 1646 448 lo

418 480 557 525 νᾶσον
592 474 651 533 ὡς
684 473 773 538 ἤδη
807 473 951 522 λιπών
983 474 1198 521 κτίσσειεν
1231 470 1481 536 εὐάρματον

417 544 548 591 πόλιν
582 544 626 591 ἐν
661 542 861 605 άργάεντι
894 547 1059 608 μαστῷ,

419 646 493 691 καὶ
528 642 578 690 τὸ
616 644 817 706 ΒΙηδείας
852 644 955 700 ἔπος
990 641 1270 704 άγκομι’σαιθ”
1385 640 1490 688 Ἀντ.
1517 640 1568 687 α’.
1607 650 1648 683 15

322 718 383 762 10
419 710 581 776 ἑβδόμᾳ
621 713 695 757 καὶ
744 709 834 758 σῦν
873 709 1031 775 δεκάτᾳ
1084 714 1207 774 γενεᾷ
1241 709 1459 773 Θήραιον,
1513 706 1651 772 Αἰήτα

885 778 936 825 τό
970 793 1074 825 ποτε
1110 775 1297 840 ζαμενὴς

421 853 526 907 παῖς
547 844 785 894 ἅπέπνευσ’
807 844 1041 893 οἷθανάτου
1059 845 1289 906 στόματος,
1306 845 1514 892 δέσποινα
1527 841 1650 890 Κόλ-

893 931 993 975 χων.
1036 909 1125 959 εἷπε
1161 912 1200 959 δ’
1230 910 1372 970 οὕτως

422 982 678 1047 ἡμιθέοισιν
709 980 903 1039 Ἰάσονος
939 982 1150 1042 αἰχματᾶο
1184 980 1388 1038 ναύταις·
1607 988 1651 1020 20

424 1051 639 1107 Κέκλυτε,
675 1053 826 1105 παῖδες
857 1047 1134 1108 ὑπερθύμων
1166 1067 1210 1094 τε
1232 1052 1392 1110 φωτῶν
1413 1047 1487 1094 καὶ
1507 1049 1647 1092 θεῶν·

421 1119 535 1180 φαμὶ
570 1116 654 1180 γάρ
675 1115 793 1175 τᾶςὸ’
823 1114 868 1172 ἐξ
894 1114 1168 1162 ἁλιπλάκτου
1195 1117 1301 1162 ποτε
1333 1119 1414 1178 γᾶς
1431 1112 1652 1175 Ἐπάφοιο

891 1182 1034 1243 κόραν
1606 1191 1651 1225 25

325 1256 385 1301 15
422 1250 588 1299 ἀστέων
621 1251 746 1311 ῥίζαν
780 1249 1090 1312 φυτεύσεσθαι
1123 1250 1468 1314 μελησίμβροτον

421 1317 534 1378 Διὸς
564 1320 609 1367 ἐν
632 1317 861 1380 ’Ἄμμωνος
895 1318 1145 1379 θεμέθλοις,

1481 1425 1574 1475 Ἐπ.
1601 1426 1652 1472 α’.

423 1495 516 1543 ἀντὶ
552 1497 771 1559 δελφίνων
806 1494 844 1543 δ’
864 1494 1227 1557 ἐλαχυπτερύγων
1252 1495 1418 1552 ἵππους
1439 1493 1653 1556 ἀμείψαν-

892 1581 961 1620 τες
994 1565 1123 1620 θοάς,
1610 1574 1653 1606 30

335 1674 367 1694 v.
395 1662 428 1695 4.
476 1659 566 1700 Διὸς
590 1659 746 1705 ὀρνίχων
770 1659 970 1707 πάρεδρος,
997 1678 1038 1685 -
1076 1673 1107 1694 v.
1131 1663 1164 1695 5.
1189 1660 1288 1705 ἱέρεα
1311 1680 1354 1687 -
1388 1674 1421 1694 v.
1446 1662 1479 1696 8.
1505 1660 1656 1707 α’ργινό-

291 1719 367 1741 εντι
391 1725 436 1732 —
461 1718 495 1739 v.
525 1708 576 1740 14.
602 1703 851 1751 άλιπλάγκτον

382 1791 490 1835 Pyth.
511 1790 569 1823 IV.
595 1802 629 1823 v.
647 1787 680 1821 4.
730 1789 801 1823 Pro
825 1790 971 1836 vulgari
990 1790 1123 1824 αἰετῶν
1140 1790 1347 1825 Schmidius
1366 1803 1409 1825 ex
1425 1792 1555 1826 Aldina
1574 1793 1656 1835 αἰη-

292 1837 367 1870 τῶν
393 1837 546 1879 scripsit.
596 1835 651 1869 Cf.
682 1835 727 1867 ad
758 1836 853 1869 hanc
885 1839 1041 1870 formam
1065 1837 1162 1870 Arat.
1181 1837 1381 1871 Phaenom.
1401 1836 1482 1879 522,
1501 1838 1578 1871 691.
1607 1840 1658 1882 [et

292 1882 493 1927 Bergkium
516 1882 645 1914 Anacr.
671 1881 790 1924 Reliq.
816 1881 948 1925 p.195.
998 1880 1152 1927 ὀρνίχων
1174 1882 1316 1926 Ileynii
1351 1884 1545 1916 temeraria
1580 1888 1658 1917 erat

292 1928 479 1961 correctio.
513 1927 634 1969 SCH.]
663 1947 702 1950 —
730 1926 808 1959 v.5.
833 1927 933 1960 Libri
957 1925 1057 1968 ἱέρεα
1083 1932 1117 1961 et
1143 1927 1251 1971 ἱερέα.
1286 1929 1514 1962 Hermannus
1537 1929 1658 1973 sequi-

294 1977 352 2007 tur
375 1974 460 2014 hoc,
484 1977 522 2006 ut
547 1983 605 2015 ap.
633 1972 777 2006 Gallim.
803 1974 920 2017 epigr.
937 1974 1048 2011 XLII,
1065 1973 1097 2005 1.
1117 1972 1211 2017 ἱερέη
1237 1977 1300 2015 est,
1324 1985 1416 2016 quae
1440 1975 1559 2008 forma
1574 1979 1660 2008 nata

294 2030 314 2052 e
339 2019 505 2063 longiore
532 2017 656 2062 ὶερειά.
695 2018 902 2052 Boeekhius
926 2019 1066 2063 scripsit
1091 2017 1183 2063 ἱρέα,
1207 2022 1245 2052 ut
1269 2019 1398 2052 dicitur
1422 2020 1541 2065 ἱρεύς,
1569 2019 1660 2063 ἱρός,

295 2076 405 2108 quum
429 2067 583 2097 metrum
609 2064 703 2096 lianc
729 2064 1050 2106 pronuntiationem
1075 2066 1250 2108 postulet,
1285 2069 1445 2098 ceterum
1478 2067 1514 2099 in
1538 2063 1658 2099 medio

294 2110 508 2152 relinquens,
533 2107 613 2153 ἱρέα
637 2120 682 2141 an
707 2108 806 2151 ἱερέα
831 2110 1007 2143 Pindarus
1031 2110 1222 2154 scripserit.
1256 2110 1324 2153 [Ab
1340 2111 1544 2154 importuna
1563 2112 1659 2145 Nea-

294 2155 535 2199 politanorum
563 2155 699 2188 scilicet
723 2155 886 2188 codicum
912 2156 1186 2200 interpolatione
1207 2157 1339 2190 Πυθία
1362 2158 1483 2190 locum
1501 2157 1661 2191 defendit

295 2202 340 2233 de
367 2200 458 2233 Crisi
482 2202 511 2241 ς.
531 2199 587 2233 31.
614 2212 648 2243 p.
667 2199 710 2232 91
728 2211 800 2243 seq.
843 2202 965 2244 SCH.]

384 2257 420 2277 v.
447 2245 479 2277 8.
530 2243 738 2289 ἆργινόεντι
764 2246 1073 2291 quadrisyllabum
1098 2248 1328 2280 Hermannus
1342 2247 1581 2280 Homericum
1596 2247 1656 2290 (ΙΙ.

295 2291 340 2332 ll,
361 2289 459 2331 647.)
491 2295 642 2334 putans,
674 2301 742 2323 non
770 2291 1022 2333 Pindaricum,
1059 2292 1213 2326 correxit
1246 2290 1439 2334 ἄργάεντι,
1472 2295 1658 2334 receptum

293 2336 492 2424 ξὸῧτῑὶὴίο.
529 2337 582 2369 Ac
606 2337 690 2369 Par.
711 2337 741 2369 Β
766 2338 972 2381 suppeditat
997 2336 1182 2382 ἅργήεντι.
1227 2338 1297 2381 [Cf.
1322 2338 1466 2381 Olymp.
1486 2337 1584 2379 XIII,
1601 2336 1658 2371 66.

386 2439 421 2460 v.
447 2424 503 2459 14.
551 2425 621 2468 [Ex
645 2426 792 2469 optimis
824 2427 926 2461 libris
960 2431 995 2460 et
1018 2427 1175 2461 Scholiis
1197 2427 1405 2460 Boeckhius
1429 2423 1659 2461 ἁλιπλάκτου

294 2471 475 2516 reposuit,
511 2482 619 2514 quum
645 2470 887 2516 ἁλίηλογκτος
912 2473 1064 2506 insulam
1099 2472 1193 2505 mari
1216 2473 1443 2505 oberrantem
1466 2472 1660 2517 significet,

297 2517 414 2562 qualis
443 2518 554 2550 Delus
586 2516 780 2560 aliquando
809 2517 888 2551 fuit.
938 2518 1069 2550 Contra
1094 2517 1275 2550 Lobeckio
1306 2518 1341 2550 in
1366 2518 1479 2561 Soph.
1508 2519 1563 2551 Αἰ.
1580 2517 1659 2552 598.

297 2563 470 2597 credibile
497 2562 540 2595 fit
563 2563 679 2596 verba
702 2562 824 2604 πλάζω
851 2564 1070 2606 (ΠΛΑΓΓ),
1095 2561 1295 2606 πλήγνυμι,
1319 2563 1466 2606 πλήσσω
1484 2564 1657 2608 (ΠΛΑΓ)

301 2619 372 2642 non
396 2608 512 2641 minus
536 2607 628 2640 inter
651 2618 689 2641 se
723 2612 879 2654 cognata
904 2619 981 2641 esse
1013 2619 1122 2651 quam
1146 2608 1364 2642 Germanica
1395 2608 1460 2642 illa
1492 2610 1661 2654 schlagen

299 2658 335 2688 et
364 2654 601 2699 verschlagen.
649 2653 770 2697 Quare
806 2653 1030 2695 (ἕλίπλακτος
1061 2657 1097 2688 et
1126 2652 1370 2698 ἁλίπλαγκτος
1403 2655 1499 2699 apud
1534 2658 1660 2699 poetae
